%YAML 1.1
%TAG !u! tag:unity3d.com,2011:
--- !u!1 &1640806326972978596
GameObject:
  m_ObjectHideFlags: 0
  m_CorrespondingSourceObject: {fileID: 0}
  m_PrefabInstance: {fileID: 0}
  m_PrefabAsset: {fileID: 0}
  serializedVersion: 6
  m_Component:
  - component: {fileID: 356467396383721932}
  - component: {fileID: 7748895690938150515}
  - component: {fileID: 6504731568245640169}
  m_Layer: 0
  m_Name: BulletDestroy
  m_TagString: Untagged
  m_Icon: {fileID: 0}
  m_NavMeshLayer: 0
  m_StaticEditorFlags: 0
  m_IsActive: 1
--- !u!4 &356467396383721932
Transform:
  m_ObjectHideFlags: 0
  m_CorrespondingSourceObject: {fileID: 0}
  m_PrefabInstance: {fileID: 0}
  m_PrefabAsset: {fileID: 0}
  m_GameObject: {fileID: 1640806326972978596}
  m_LocalRotation: {x: -0, y: -0, z: -0.000000014901161, w: 1}
  m_LocalPosition: {x: 0, y: 0, z: 0}
  m_LocalScale: {x: 1.05, y: 1.05, z: 1.05}
  m_ConstrainProportionsScale: 1
  m_Children: []
  m_Father: {fileID: 7762884841186632064}
  m_RootOrder: 0
  m_LocalEulerAnglesHint: {x: 0, y: 0, z: 0}
--- !u!114 &7748895690938150515
MonoBehaviour:
  m_ObjectHideFlags: 0
  m_CorrespondingSourceObject: {fileID: 0}
  m_PrefabInstance: {fileID: 0}
  m_PrefabAsset: {fileID: 0}
  m_GameObject: {fileID: 1640806326972978596}
  m_Enabled: 1
  m_EditorHideFlags: 0
  m_Script: {fileID: 11500000, guid: cca04fcf72541ae47bed71e0d7dae21f, type: 3}
  m_Name: 
  m_EditorClassIdentifier: 
--- !u!64 &6504731568245640169
MeshCollider:
  m_ObjectHideFlags: 0
  m_CorrespondingSourceObject: {fileID: 0}
  m_PrefabInstance: {fileID: 0}
  m_PrefabAsset: {fileID: 0}
  m_GameObject: {fileID: 1640806326972978596}
  m_Material: {fileID: 0}
  m_IsTrigger: 1
  m_Enabled: 1
  serializedVersion: 4
  m_Convex: 1
  m_CookingOptions: 30
  m_Mesh: {fileID: -904176160396152040, guid: cf66f1ad7c089a743a527c541fc4add3, type: 3}
--- !u!1 &6474367721860673976
GameObject:
  m_ObjectHideFlags: 0
  m_CorrespondingSourceObject: {fileID: 0}
  m_PrefabInstance: {fileID: 0}
  m_PrefabAsset: {fileID: 0}
  serializedVersion: 6
  m_Component:
  - component: {fileID: 1825477252204090564}
  m_Layer: 0
  m_Name: VeinChunk3
  m_TagString: Untagged
  m_Icon: {fileID: 0}
  m_NavMeshLayer: 0
  m_StaticEditorFlags: 0
  m_IsActive: 1
--- !u!4 &1825477252204090564
Transform:
  m_ObjectHideFlags: 0
  m_CorrespondingSourceObject: {fileID: 0}
  m_PrefabInstance: {fileID: 0}
  m_PrefabAsset: {fileID: 0}
  m_GameObject: {fileID: 6474367721860673976}
  m_LocalRotation: {x: 0, y: 0, z: 0, w: 1}
  m_LocalPosition: {x: 0, y: 0, z: 0}
  m_LocalScale: {x: 1, y: 1, z: 1}
  m_ConstrainProportionsScale: 0
  m_Children:
  - {fileID: 7762884841186632064}
  m_Father: {fileID: 0}
  m_RootOrder: 0
  m_LocalEulerAnglesHint: {x: 0, y: 0, z: 0}
--- !u!1001 &4083068499145522118
PrefabInstance:
  m_ObjectHideFlags: 0
  serializedVersion: 2
  m_Modification:
    m_TransformParent: {fileID: 1825477252204090564}
    m_Modifications:
    - target: {fileID: 5986048651923184198, guid: 04168b2ce9f48da42abd80db366c6461,
        type: 3}
      propertyPath: m_RootOrder
      value: 0
      objectReference: {fileID: 0}
    - target: {fileID: 5986048651923184198, guid: 04168b2ce9f48da42abd80db366c6461,
        type: 3}
      propertyPath: m_LocalScale.z
      value: 3.4925852
      objectReference: {fileID: 0}
    - target: {fileID: 5986048651923184198, guid: 04168b2ce9f48da42abd80db366c6461,
        type: 3}
      propertyPath: m_LocalPosition.x
      value: 0
      objectReference: {fileID: 0}
    - target: {fileID: 5986048651923184198, guid: 04168b2ce9f48da42abd80db366c6461,
        type: 3}
      propertyPath: m_LocalPosition.y
      value: 0
      objectReference: {fileID: 0}
    - target: {fileID: 5986048651923184198, guid: 04168b2ce9f48da42abd80db366c6461,
        type: 3}
      propertyPath: m_LocalPosition.z
      value: 0
      objectReference: {fileID: 0}
    - target: {fileID: 5986048651923184198, guid: 04168b2ce9f48da42abd80db366c6461,
        type: 3}
      propertyPath: m_LocalRotation.w
      value: 0.45451874
      objectReference: {fileID: 0}
    - target: {fileID: 5986048651923184198, guid: 04168b2ce9f48da42abd80db366c6461,
        type: 3}
      propertyPath: m_LocalRotation.x
      value: 0.45452026
      objectReference: {fileID: 0}
    - target: {fileID: 5986048651923184198, guid: 04168b2ce9f48da42abd80db366c6461,
        type: 3}
      propertyPath: m_LocalRotation.y
      value: 0.5416759
      objectReference: {fileID: 0}
    - target: {fileID: 5986048651923184198, guid: 04168b2ce9f48da42abd80db366c6461,
        type: 3}
      propertyPath: m_LocalRotation.z
      value: 0.5416745
      objectReference: {fileID: 0}
    - target: {fileID: 5986048651923184198, guid: 04168b2ce9f48da42abd80db366c6461,
        type: 3}
      propertyPath: m_LocalEulerAnglesHint.x
      value: -170
      objectReference: {fileID: 0}
    - target: {fileID: 5986048651923184198, guid: 04168b2ce9f48da42abd80db366c6461,
        type: 3}
      propertyPath: m_LocalEulerAnglesHint.y
      value: -90
      objectReference: {fileID: 0}
    - target: {fileID: 5986048651923184198, guid: 04168b2ce9f48da42abd80db366c6461,
        type: 3}
      propertyPath: m_LocalEulerAnglesHint.z
      value: -90
      objectReference: {fileID: 0}
    - target: {fileID: 6366232952726487292, guid: 04168b2ce9f48da42abd80db366c6461,
        type: 3}
      propertyPath: m_Name
      value: obstacle3
      objectReference: {fileID: 0}
    - target: {fileID: 7259077049759389155, guid: 04168b2ce9f48da42abd80db366c6461,
        type: 3}
      propertyPath: m_Mesh
      value: 
      objectReference: {fileID: -2521025166616354572, guid: d1c4dd602c8f63c4aad3f63393079c02,
        type: 3}
    m_RemovedComponents: []
  m_SourcePrefab: {fileID: 100100000, guid: 04168b2ce9f48da42abd80db366c6461, type: 3}
--- !u!1 &6985256808063564602 stripped
GameObject:
  m_CorrespondingSourceObject: {fileID: 6366232952726487292, guid: 04168b2ce9f48da42abd80db366c6461,
    type: 3}
  m_PrefabInstance: {fileID: 4083068499145522118}
  m_PrefabAsset: {fileID: 0}
--- !u!64 &8948437824844850760
MeshCollider:
  m_ObjectHideFlags: 0
  m_CorrespondingSourceObject: {fileID: 0}
  m_PrefabInstance: {fileID: 0}
  m_PrefabAsset: {fileID: 0}
  m_GameObject: {fileID: 6985256808063564602}
  m_Material: {fileID: 0}
  m_IsTrigger: 0
  m_Enabled: 1
  serializedVersion: 4
  m_Convex: 1
  m_CookingOptions: 30
  m_Mesh: {fileID: -904176160396152040, guid: cf66f1ad7c089a743a527c541fc4add3, type: 3}
--- !u!4 &7762884841186632064 stripped
Transform:
  m_CorrespondingSourceObject: {fileID: 5986048651923184198, guid: 04168b2ce9f48da42abd80db366c6461,
    type: 3}
  m_PrefabInstance: {fileID: 4083068499145522118}
  m_PrefabAsset: {fileID: 0}
