%YAML 1.1
%TAG !u! tag:unity3d.com,2011:
--- !u!1 &800420335872265778
GameObject:
  m_ObjectHideFlags: 0
  m_CorrespondingSourceObject: {fileID: 0}
  m_PrefabInstance: {fileID: 0}
  m_PrefabAsset: {fileID: 0}
  serializedVersion: 6
  m_Component:
  - component: {fileID: 5699253002345503258}
  - component: {fileID: 1798576857153849802}
  - component: {fileID: 4859054149665398299}
  m_Layer: 0
  m_Name: BulletDestroy
  m_TagString: Untagged
  m_Icon: {fileID: 0}
  m_NavMeshLayer: 0
  m_StaticEditorFlags: 0
  m_IsActive: 1
--- !u!4 &5699253002345503258
Transform:
  m_ObjectHideFlags: 0
  m_CorrespondingSourceObject: {fileID: 0}
  m_PrefabInstance: {fileID: 0}
  m_PrefabAsset: {fileID: 0}
  m_GameObject: {fileID: 800420335872265778}
  m_LocalRotation: {x: 0, y: 0, z: 0, w: 1}
  m_LocalPosition: {x: 0, y: 0, z: 0}
  m_LocalScale: {x: 1.05, y: 1.05, z: 1.05}
  m_ConstrainProportionsScale: 1
  m_Children: []
  m_Father: {fileID: 4766356907221978876}
  m_RootOrder: 0
  m_LocalEulerAnglesHint: {x: 0, y: 0, z: 0}
--- !u!114 &1798576857153849802
MonoBehaviour:
  m_ObjectHideFlags: 0
  m_CorrespondingSourceObject: {fileID: 0}
  m_PrefabInstance: {fileID: 0}
  m_PrefabAsset: {fileID: 0}
  m_GameObject: {fileID: 800420335872265778}
  m_Enabled: 1
  m_EditorHideFlags: 0
  m_Script: {fileID: 11500000, guid: cca04fcf72541ae47bed71e0d7dae21f, type: 3}
  m_Name: 
  m_EditorClassIdentifier: 
--- !u!64 &4859054149665398299
MeshCollider:
  m_ObjectHideFlags: 0
  m_CorrespondingSourceObject: {fileID: 0}
  m_PrefabInstance: {fileID: 0}
  m_PrefabAsset: {fileID: 0}
  m_GameObject: {fileID: 800420335872265778}
  m_Material: {fileID: 0}
  m_IsTrigger: 1
  m_Enabled: 1
  serializedVersion: 4
  m_Convex: 1
  m_CookingOptions: 30
  m_Mesh: {fileID: -2074554421360760717, guid: afcf4c444d3cbfc43992e29508190545, type: 3}
--- !u!1 &2530663853056100966
GameObject:
  m_ObjectHideFlags: 0
  m_CorrespondingSourceObject: {fileID: 0}
  m_PrefabInstance: {fileID: 0}
  m_PrefabAsset: {fileID: 0}
  serializedVersion: 6
  m_Component:
  - component: {fileID: 6783584010663215074}
  m_Layer: 0
  m_Name: VeinChunk2
  m_TagString: Untagged
  m_Icon: {fileID: 0}
  m_NavMeshLayer: 0
  m_StaticEditorFlags: 0
  m_IsActive: 1
--- !u!4 &6783584010663215074
Transform:
  m_ObjectHideFlags: 0
  m_CorrespondingSourceObject: {fileID: 0}
  m_PrefabInstance: {fileID: 0}
  m_PrefabAsset: {fileID: 0}
  m_GameObject: {fileID: 2530663853056100966}
  m_LocalRotation: {x: 0, y: 0, z: 0, w: 1}
  m_LocalPosition: {x: 0, y: 0, z: 0}
  m_LocalScale: {x: 1, y: 1, z: 1}
  m_ConstrainProportionsScale: 0
  m_Children:
  - {fileID: 4766356907221978876}
  m_Father: {fileID: 0}
  m_RootOrder: 0
  m_LocalEulerAnglesHint: {x: 0, y: 0, z: 0}
--- !u!1001 &5438750078765690268
PrefabInstance:
  m_ObjectHideFlags: 0
  serializedVersion: 2
  m_Modification:
    m_TransformParent: {fileID: 6783584010663215074}
    m_Modifications:
    - target: {fileID: 149747537588697562, guid: 1098cd20b5556c34b8d64ded70727398,
        type: 3}
      propertyPath: m_Name
      value: obstacle2
      objectReference: {fileID: 0}
    - target: {fileID: 675489620330734432, guid: 1098cd20b5556c34b8d64ded70727398,
        type: 3}
      propertyPath: m_RootOrder
      value: 0
      objectReference: {fileID: 0}
    - target: {fileID: 675489620330734432, guid: 1098cd20b5556c34b8d64ded70727398,
        type: 3}
      propertyPath: m_LocalScale.x
      value: 1.9881941
      objectReference: {fileID: 0}
    - target: {fileID: 675489620330734432, guid: 1098cd20b5556c34b8d64ded70727398,
        type: 3}
      propertyPath: m_LocalScale.y
      value: 1.4919469
      objectReference: {fileID: 0}
    - target: {fileID: 675489620330734432, guid: 1098cd20b5556c34b8d64ded70727398,
        type: 3}
      propertyPath: m_LocalPosition.x
      value: 0
      objectReference: {fileID: 0}
    - target: {fileID: 675489620330734432, guid: 1098cd20b5556c34b8d64ded70727398,
        type: 3}
      propertyPath: m_LocalPosition.y
      value: 0
      objectReference: {fileID: 0}
    - target: {fileID: 675489620330734432, guid: 1098cd20b5556c34b8d64ded70727398,
        type: 3}
      propertyPath: m_LocalPosition.z
      value: 0
      objectReference: {fileID: 0}
    - target: {fileID: 675489620330734432, guid: 1098cd20b5556c34b8d64ded70727398,
        type: 3}
      propertyPath: m_LocalRotation.w
      value: 0.0000010207295
      objectReference: {fileID: 0}
    - target: {fileID: 675489620330734432, guid: 1098cd20b5556c34b8d64ded70727398,
        type: 3}
      propertyPath: m_LocalRotation.x
      value: -0.0000010207295
      objectReference: {fileID: 0}
    - target: {fileID: 675489620330734432, guid: 1098cd20b5556c34b8d64ded70727398,
        type: 3}
      propertyPath: m_LocalRotation.y
      value: -0.7071068
      objectReference: {fileID: 0}
    - target: {fileID: 675489620330734432, guid: 1098cd20b5556c34b8d64ded70727398,
        type: 3}
      propertyPath: m_LocalRotation.z
      value: -0.7071068
      objectReference: {fileID: 0}
    - target: {fileID: 675489620330734432, guid: 1098cd20b5556c34b8d64ded70727398,
        type: 3}
      propertyPath: m_LocalEulerAnglesHint.x
      value: -90
      objectReference: {fileID: 0}
    - target: {fileID: 675489620330734432, guid: 1098cd20b5556c34b8d64ded70727398,
        type: 3}
      propertyPath: m_LocalEulerAnglesHint.y
      value: 0
      objectReference: {fileID: 0}
    - target: {fileID: 675489620330734432, guid: 1098cd20b5556c34b8d64ded70727398,
        type: 3}
      propertyPath: m_LocalEulerAnglesHint.z
      value: -180
      objectReference: {fileID: 0}
    - target: {fileID: 4535135469088402629, guid: 1098cd20b5556c34b8d64ded70727398,
        type: 3}
      propertyPath: m_Mesh
      value: 
      objectReference: {fileID: 7158913227262264002, guid: 60d8b6219ff7d4e4abf39d2fe9673a3f,
        type: 3}
    m_RemovedComponents: []
  m_SourcePrefab: {fileID: 100100000, guid: 1098cd20b5556c34b8d64ded70727398, type: 3}
--- !u!4 &4766356907221978876 stripped
Transform:
  m_CorrespondingSourceObject: {fileID: 675489620330734432, guid: 1098cd20b5556c34b8d64ded70727398,
    type: 3}
  m_PrefabInstance: {fileID: 5438750078765690268}
  m_PrefabAsset: {fileID: 0}
--- !u!1 &5291255629917344838 stripped
GameObject:
  m_CorrespondingSourceObject: {fileID: 149747537588697562, guid: 1098cd20b5556c34b8d64ded70727398,
    type: 3}
  m_PrefabInstance: {fileID: 5438750078765690268}
  m_PrefabAsset: {fileID: 0}
--- !u!64 &4648639289661686795
MeshCollider:
  m_ObjectHideFlags: 0
  m_CorrespondingSourceObject: {fileID: 0}
  m_PrefabInstance: {fileID: 0}
  m_PrefabAsset: {fileID: 0}
  m_GameObject: {fileID: 5291255629917344838}
  m_Material: {fileID: 0}
  m_IsTrigger: 0
  m_Enabled: 1
  serializedVersion: 4
  m_Convex: 1
  m_CookingOptions: 30
  m_Mesh: {fileID: -2074554421360760717, guid: afcf4c444d3cbfc43992e29508190545, type: 3}
