%YAML 1.1
%TAG !u! tag:unity3d.com,2011:
--- !u!1 &6131459148536866159
GameObject:
  m_ObjectHideFlags: 0
  m_CorrespondingSourceObject: {fileID: 0}
  m_PrefabInstance: {fileID: 0}
  m_PrefabAsset: {fileID: 0}
  serializedVersion: 6
  m_Component:
  - component: {fileID: 6131459148536866152}
  - component: {fileID: 7356268319762278349}
  m_Layer: 0
  m_Name: 1 Boss 2
  m_TagString: Untagged
  m_Icon: {fileID: 0}
  m_NavMeshLayer: 0
  m_StaticEditorFlags: 0
  m_IsActive: 1
--- !u!4 &6131459148536866152
Transform:
  m_ObjectHideFlags: 0
  m_CorrespondingSourceObject: {fileID: 0}
  m_PrefabInstance: {fileID: 0}
  m_PrefabAsset: {fileID: 0}
  m_GameObject: {fileID: 6131459148536866159}
  m_LocalRotation: {x: 0, y: 0, z: 0, w: 1}
  m_LocalPosition: {x: 0, y: 0, z: 0}
  m_LocalScale: {x: 1, y: 1, z: 1}
  m_ConstrainProportionsScale: 0
  m_Children:
  - {fileID: 6072454340042583747}
  - {fileID: 9011757675002620441}
  - {fileID: 5814028624934606671}
  - {fileID: 2818875684487383627}
  - {fileID: 4098610959400802967}
  m_Father: {fileID: 0}
  m_RootOrder: 0
  m_LocalEulerAnglesHint: {x: 0, y: 0, z: 0}
--- !u!114 &7356268319762278349
MonoBehaviour:
  m_ObjectHideFlags: 0
  m_CorrespondingSourceObject: {fileID: 0}
  m_PrefabInstance: {fileID: 0}
  m_PrefabAsset: {fileID: 0}
  m_GameObject: {fileID: 6131459148536866159}
  m_Enabled: 1
  m_EditorHideFlags: 0
  m_Script: {fileID: 11500000, guid: 18e07c1978fc1d94fa49159cf05a531a, type: 3}
  m_Name: 
  m_EditorClassIdentifier: 
  sso: {fileID: 11400000, guid: 229c84c38d8ce754d9c0f94a85db7858, type: 2}
--- !u!1 &7007142861736293737
GameObject:
  m_ObjectHideFlags: 0
  m_CorrespondingSourceObject: {fileID: 0}
  m_PrefabInstance: {fileID: 0}
  m_PrefabAsset: {fileID: 0}
  serializedVersion: 6
  m_Component:
  - component: {fileID: 5814028624934606671}
  m_Layer: 0
  m_Name: Boosts
  m_TagString: Untagged
  m_Icon: {fileID: 0}
  m_NavMeshLayer: 0
  m_StaticEditorFlags: 0
  m_IsActive: 1
--- !u!4 &5814028624934606671
Transform:
  m_ObjectHideFlags: 0
  m_CorrespondingSourceObject: {fileID: 0}
  m_PrefabInstance: {fileID: 0}
  m_PrefabAsset: {fileID: 0}
  m_GameObject: {fileID: 7007142861736293737}
  m_LocalRotation: {x: 0, y: 0, z: 0, w: 1}
  m_LocalPosition: {x: 0, y: 0, z: 0}
  m_LocalScale: {x: 1, y: 1, z: 1}
  m_ConstrainProportionsScale: 0
  m_Children:
  - {fileID: 6555238630296077527}
  - {fileID: 8493780410338874855}
  - {fileID: 5574456013608767333}
  m_Father: {fileID: 6131459148536866152}
  m_RootOrder: 2
  m_LocalEulerAnglesHint: {x: 0, y: 0, z: 0}
--- !u!1001 &1251729241338205217
PrefabInstance:
  m_ObjectHideFlags: 0
  serializedVersion: 2
  m_Modification:
    m_TransformParent: {fileID: 5814028624934606671}
    m_Modifications:
    - target: {fileID: 1977028642715744630, guid: 001282b94f3e6b64d882987e9ba1c14a,
        type: 3}
      propertyPath: m_Name
      value: HealingBoost
      objectReference: {fileID: 0}
    - target: {fileID: 1977028642715744630, guid: 001282b94f3e6b64d882987e9ba1c14a,
        type: 3}
      propertyPath: m_IsActive
      value: 1
      objectReference: {fileID: 0}
    - target: {fileID: 7242053574199689670, guid: 001282b94f3e6b64d882987e9ba1c14a,
        type: 3}
      propertyPath: m_RootOrder
      value: 1
      objectReference: {fileID: 0}
    - target: {fileID: 7242053574199689670, guid: 001282b94f3e6b64d882987e9ba1c14a,
        type: 3}
      propertyPath: m_LocalPosition.x
      value: 96.6
      objectReference: {fileID: 0}
    - target: {fileID: 7242053574199689670, guid: 001282b94f3e6b64d882987e9ba1c14a,
        type: 3}
      propertyPath: m_LocalPosition.y
      value: 5.87
      objectReference: {fileID: 0}
    - target: {fileID: 7242053574199689670, guid: 001282b94f3e6b64d882987e9ba1c14a,
        type: 3}
      propertyPath: m_LocalPosition.z
      value: 0
      objectReference: {fileID: 0}
    - target: {fileID: 7242053574199689670, guid: 001282b94f3e6b64d882987e9ba1c14a,
        type: 3}
      propertyPath: m_LocalRotation.w
      value: 1
      objectReference: {fileID: 0}
    - target: {fileID: 7242053574199689670, guid: 001282b94f3e6b64d882987e9ba1c14a,
        type: 3}
      propertyPath: m_LocalRotation.x
      value: 0
      objectReference: {fileID: 0}
    - target: {fileID: 7242053574199689670, guid: 001282b94f3e6b64d882987e9ba1c14a,
        type: 3}
      propertyPath: m_LocalRotation.y
      value: 0
      objectReference: {fileID: 0}
    - target: {fileID: 7242053574199689670, guid: 001282b94f3e6b64d882987e9ba1c14a,
        type: 3}
      propertyPath: m_LocalRotation.z
      value: 0
      objectReference: {fileID: 0}
    - target: {fileID: 7242053574199689670, guid: 001282b94f3e6b64d882987e9ba1c14a,
        type: 3}
      propertyPath: m_LocalEulerAnglesHint.x
      value: 0
      objectReference: {fileID: 0}
    - target: {fileID: 7242053574199689670, guid: 001282b94f3e6b64d882987e9ba1c14a,
        type: 3}
      propertyPath: m_LocalEulerAnglesHint.y
      value: 0
      objectReference: {fileID: 0}
    - target: {fileID: 7242053574199689670, guid: 001282b94f3e6b64d882987e9ba1c14a,
        type: 3}
      propertyPath: m_LocalEulerAnglesHint.z
      value: 0
      objectReference: {fileID: 0}
    m_RemovedComponents: []
  m_SourcePrefab: {fileID: 100100000, guid: 001282b94f3e6b64d882987e9ba1c14a, type: 3}
--- !u!4 &8493780410338874855 stripped
Transform:
  m_CorrespondingSourceObject: {fileID: 7242053574199689670, guid: 001282b94f3e6b64d882987e9ba1c14a,
    type: 3}
  m_PrefabInstance: {fileID: 1251729241338205217}
  m_PrefabAsset: {fileID: 0}
--- !u!1001 &2710150916785321763
PrefabInstance:
  m_ObjectHideFlags: 0
  serializedVersion: 2
  m_Modification:
    m_TransformParent: {fileID: 6131459148536866152}
    m_Modifications:
    - target: {fileID: 164619860539472083, guid: 8194c9e97f643c44d894f991fc09c736,
        type: 3}
      propertyPath: m_Materials.Array.data[0]
      value: 
      objectReference: {fileID: 2100000, guid: 7e17580e74dcee747b9bb150735b16de, type: 2}
    - target: {fileID: 3099020376189394820, guid: 8194c9e97f643c44d894f991fc09c736,
        type: 3}
      propertyPath: m_Materials.Array.data[0]
      value: 
      objectReference: {fileID: 2100000, guid: 7e17580e74dcee747b9bb150735b16de, type: 2}
    - target: {fileID: 6169486950579252814, guid: 8194c9e97f643c44d894f991fc09c736,
        type: 3}
      propertyPath: m_Materials.Array.data[0]
      value: 
      objectReference: {fileID: 2100000, guid: 7e17580e74dcee747b9bb150735b16de, type: 2}
    - target: {fileID: 6380565197091659066, guid: 8194c9e97f643c44d894f991fc09c736,
        type: 3}
      propertyPath: m_RootOrder
      value: 1
      objectReference: {fileID: 0}
    - target: {fileID: 6380565197091659066, guid: 8194c9e97f643c44d894f991fc09c736,
        type: 3}
      propertyPath: m_LocalPosition.x
      value: 34.4
      objectReference: {fileID: 0}
    - target: {fileID: 6380565197091659066, guid: 8194c9e97f643c44d894f991fc09c736,
        type: 3}
      propertyPath: m_LocalPosition.y
      value: 5.7
      objectReference: {fileID: 0}
    - target: {fileID: 6380565197091659066, guid: 8194c9e97f643c44d894f991fc09c736,
        type: 3}
      propertyPath: m_LocalPosition.z
      value: -0.46
      objectReference: {fileID: 0}
    - target: {fileID: 6380565197091659066, guid: 8194c9e97f643c44d894f991fc09c736,
        type: 3}
      propertyPath: m_LocalRotation.w
      value: 1
      objectReference: {fileID: 0}
    - target: {fileID: 6380565197091659066, guid: 8194c9e97f643c44d894f991fc09c736,
        type: 3}
      propertyPath: m_LocalRotation.x
      value: -0
      objectReference: {fileID: 0}
    - target: {fileID: 6380565197091659066, guid: 8194c9e97f643c44d894f991fc09c736,
        type: 3}
      propertyPath: m_LocalRotation.y
      value: -0
      objectReference: {fileID: 0}
    - target: {fileID: 6380565197091659066, guid: 8194c9e97f643c44d894f991fc09c736,
        type: 3}
      propertyPath: m_LocalRotation.z
      value: -0
      objectReference: {fileID: 0}
    - target: {fileID: 6380565197091659066, guid: 8194c9e97f643c44d894f991fc09c736,
        type: 3}
      propertyPath: m_LocalEulerAnglesHint.x
      value: 0
      objectReference: {fileID: 0}
    - target: {fileID: 6380565197091659066, guid: 8194c9e97f643c44d894f991fc09c736,
        type: 3}
      propertyPath: m_LocalEulerAnglesHint.y
      value: 0
      objectReference: {fileID: 0}
    - target: {fileID: 6380565197091659066, guid: 8194c9e97f643c44d894f991fc09c736,
        type: 3}
      propertyPath: m_LocalEulerAnglesHint.z
      value: 0
      objectReference: {fileID: 0}
    - target: {fileID: 9172365616942248235, guid: 8194c9e97f643c44d894f991fc09c736,
        type: 3}
      propertyPath: m_Name
      value: vein_long
      objectReference: {fileID: 0}
    m_RemovedComponents: []
  m_SourcePrefab: {fileID: 100100000, guid: 8194c9e97f643c44d894f991fc09c736, type: 3}
--- !u!4 &9011757675002620441 stripped
Transform:
  m_CorrespondingSourceObject: {fileID: 6380565197091659066, guid: 8194c9e97f643c44d894f991fc09c736,
    type: 3}
  m_PrefabInstance: {fileID: 2710150916785321763}
  m_PrefabAsset: {fileID: 0}
--- !u!1001 &2933229894037794745
PrefabInstance:
  m_ObjectHideFlags: 0
  serializedVersion: 2
  m_Modification:
    m_TransformParent: {fileID: 6131459148536866152}
    m_Modifications:
    - target: {fileID: 1177090969027638574, guid: 86b059c44f20bee4e8a3fffe85d7f533,
        type: 3}
      propertyPath: m_RootOrder
      value: 4
      objectReference: {fileID: 0}
    - target: {fileID: 1177090969027638574, guid: 86b059c44f20bee4e8a3fffe85d7f533,
        type: 3}
      propertyPath: m_LocalPosition.x
      value: 3.1
      objectReference: {fileID: 0}
    - target: {fileID: 1177090969027638574, guid: 86b059c44f20bee4e8a3fffe85d7f533,
        type: 3}
      propertyPath: m_LocalPosition.y
      value: 5.5
      objectReference: {fileID: 0}
    - target: {fileID: 1177090969027638574, guid: 86b059c44f20bee4e8a3fffe85d7f533,
        type: 3}
      propertyPath: m_LocalPosition.z
      value: 0
      objectReference: {fileID: 0}
    - target: {fileID: 1177090969027638574, guid: 86b059c44f20bee4e8a3fffe85d7f533,
        type: 3}
      propertyPath: m_LocalRotation.w
      value: 1
      objectReference: {fileID: 0}
    - target: {fileID: 1177090969027638574, guid: 86b059c44f20bee4e8a3fffe85d7f533,
        type: 3}
      propertyPath: m_LocalRotation.x
      value: -0
      objectReference: {fileID: 0}
    - target: {fileID: 1177090969027638574, guid: 86b059c44f20bee4e8a3fffe85d7f533,
        type: 3}
      propertyPath: m_LocalRotation.y
      value: -0
      objectReference: {fileID: 0}
    - target: {fileID: 1177090969027638574, guid: 86b059c44f20bee4e8a3fffe85d7f533,
        type: 3}
      propertyPath: m_LocalRotation.z
      value: -0
      objectReference: {fileID: 0}
    - target: {fileID: 1177090969027638574, guid: 86b059c44f20bee4e8a3fffe85d7f533,
        type: 3}
      propertyPath: m_LocalEulerAnglesHint.x
      value: 0
      objectReference: {fileID: 0}
    - target: {fileID: 1177090969027638574, guid: 86b059c44f20bee4e8a3fffe85d7f533,
        type: 3}
      propertyPath: m_LocalEulerAnglesHint.y
      value: 0
      objectReference: {fileID: 0}
    - target: {fileID: 1177090969027638574, guid: 86b059c44f20bee4e8a3fffe85d7f533,
        type: 3}
      propertyPath: m_LocalEulerAnglesHint.z
      value: 0
      objectReference: {fileID: 0}
    - target: {fileID: 1177090969027638575, guid: 86b059c44f20bee4e8a3fffe85d7f533,
        type: 3}
      propertyPath: m_Name
      value: BossTrigger
      objectReference: {fileID: 0}
    m_RemovedComponents: []
  m_SourcePrefab: {fileID: 100100000, guid: 86b059c44f20bee4e8a3fffe85d7f533, type: 3}
--- !u!4 &4098610959400802967 stripped
Transform:
  m_CorrespondingSourceObject: {fileID: 1177090969027638574, guid: 86b059c44f20bee4e8a3fffe85d7f533,
    type: 3}
  m_PrefabInstance: {fileID: 2933229894037794745}
  m_PrefabAsset: {fileID: 0}
--- !u!1001 &3016430361681170083
PrefabInstance:
  m_ObjectHideFlags: 0
  serializedVersion: 2
  m_Modification:
    m_TransformParent: {fileID: 5814028624934606671}
    m_Modifications:
    - target: {fileID: 1977028642715744630, guid: c81386597ff979844b402d12dd486dd6,
        type: 3}
      propertyPath: m_Name
      value: ShieldBoost
      objectReference: {fileID: 0}
    - target: {fileID: 7242053574199689670, guid: c81386597ff979844b402d12dd486dd6,
        type: 3}
      propertyPath: m_RootOrder
      value: 2
      objectReference: {fileID: 0}
    - target: {fileID: 7242053574199689670, guid: c81386597ff979844b402d12dd486dd6,
        type: 3}
      propertyPath: m_LocalPosition.x
      value: 19.8
      objectReference: {fileID: 0}
    - target: {fileID: 7242053574199689670, guid: c81386597ff979844b402d12dd486dd6,
        type: 3}
      propertyPath: m_LocalPosition.y
      value: 5.87
      objectReference: {fileID: 0}
    - target: {fileID: 7242053574199689670, guid: c81386597ff979844b402d12dd486dd6,
        type: 3}
      propertyPath: m_LocalPosition.z
      value: 0
      objectReference: {fileID: 0}
    - target: {fileID: 7242053574199689670, guid: c81386597ff979844b402d12dd486dd6,
        type: 3}
      propertyPath: m_LocalRotation.w
      value: 1
      objectReference: {fileID: 0}
    - target: {fileID: 7242053574199689670, guid: c81386597ff979844b402d12dd486dd6,
        type: 3}
      propertyPath: m_LocalRotation.x
      value: 0
      objectReference: {fileID: 0}
    - target: {fileID: 7242053574199689670, guid: c81386597ff979844b402d12dd486dd6,
        type: 3}
      propertyPath: m_LocalRotation.y
      value: 0
      objectReference: {fileID: 0}
    - target: {fileID: 7242053574199689670, guid: c81386597ff979844b402d12dd486dd6,
        type: 3}
      propertyPath: m_LocalRotation.z
      value: 0
      objectReference: {fileID: 0}
    - target: {fileID: 7242053574199689670, guid: c81386597ff979844b402d12dd486dd6,
        type: 3}
      propertyPath: m_LocalEulerAnglesHint.x
      value: 0
      objectReference: {fileID: 0}
    - target: {fileID: 7242053574199689670, guid: c81386597ff979844b402d12dd486dd6,
        type: 3}
      propertyPath: m_LocalEulerAnglesHint.y
      value: 0
      objectReference: {fileID: 0}
    - target: {fileID: 7242053574199689670, guid: c81386597ff979844b402d12dd486dd6,
        type: 3}
      propertyPath: m_LocalEulerAnglesHint.z
      value: 0
      objectReference: {fileID: 0}
    m_RemovedComponents: []
  m_SourcePrefab: {fileID: 100100000, guid: c81386597ff979844b402d12dd486dd6, type: 3}
--- !u!4 &5574456013608767333 stripped
Transform:
  m_CorrespondingSourceObject: {fileID: 7242053574199689670, guid: c81386597ff979844b402d12dd486dd6,
    type: 3}
  m_PrefabInstance: {fileID: 3016430361681170083}
  m_PrefabAsset: {fileID: 0}
--- !u!1001 &4340917685882478647
PrefabInstance:
  m_ObjectHideFlags: 0
  serializedVersion: 2
  m_Modification:
    m_TransformParent: {fileID: 6131459148536866152}
    m_Modifications:
    - target: {fileID: 1954740209474546300, guid: c00a5af01857d8c42bf1707c10e0a361,
        type: 3}
      propertyPath: m_RootOrder
      value: 3
      objectReference: {fileID: 0}
    - target: {fileID: 1954740209474546300, guid: c00a5af01857d8c42bf1707c10e0a361,
        type: 3}
      propertyPath: m_LocalPosition.x
      value: 80.5
      objectReference: {fileID: 0}
    - target: {fileID: 1954740209474546300, guid: c00a5af01857d8c42bf1707c10e0a361,
        type: 3}
      propertyPath: m_LocalPosition.y
      value: 5.5
      objectReference: {fileID: 0}
    - target: {fileID: 1954740209474546300, guid: c00a5af01857d8c42bf1707c10e0a361,
        type: 3}
      propertyPath: m_LocalPosition.z
      value: 0
      objectReference: {fileID: 0}
    - target: {fileID: 1954740209474546300, guid: c00a5af01857d8c42bf1707c10e0a361,
        type: 3}
      propertyPath: m_LocalRotation.w
      value: 1
      objectReference: {fileID: 0}
    - target: {fileID: 1954740209474546300, guid: c00a5af01857d8c42bf1707c10e0a361,
        type: 3}
      propertyPath: m_LocalRotation.x
      value: -0
      objectReference: {fileID: 0}
    - target: {fileID: 1954740209474546300, guid: c00a5af01857d8c42bf1707c10e0a361,
        type: 3}
      propertyPath: m_LocalRotation.y
      value: -0
      objectReference: {fileID: 0}
    - target: {fileID: 1954740209474546300, guid: c00a5af01857d8c42bf1707c10e0a361,
        type: 3}
      propertyPath: m_LocalRotation.z
      value: -0
      objectReference: {fileID: 0}
    - target: {fileID: 1954740209474546300, guid: c00a5af01857d8c42bf1707c10e0a361,
        type: 3}
      propertyPath: m_LocalEulerAnglesHint.x
      value: 0
      objectReference: {fileID: 0}
    - target: {fileID: 1954740209474546300, guid: c00a5af01857d8c42bf1707c10e0a361,
        type: 3}
      propertyPath: m_LocalEulerAnglesHint.y
      value: 0
      objectReference: {fileID: 0}
    - target: {fileID: 1954740209474546300, guid: c00a5af01857d8c42bf1707c10e0a361,
        type: 3}
      propertyPath: m_LocalEulerAnglesHint.z
      value: 0
      objectReference: {fileID: 0}
    - target: {fileID: 1954740209474546301, guid: c00a5af01857d8c42bf1707c10e0a361,
        type: 3}
      propertyPath: m_Name
      value: NewChunkTrigger
      objectReference: {fileID: 0}
    m_RemovedComponents: []
  m_SourcePrefab: {fileID: 100100000, guid: c00a5af01857d8c42bf1707c10e0a361, type: 3}
--- !u!4 &2818875684487383627 stripped
Transform:
  m_CorrespondingSourceObject: {fileID: 1954740209474546300, guid: c00a5af01857d8c42bf1707c10e0a361,
    type: 3}
  m_PrefabInstance: {fileID: 4340917685882478647}
  m_PrefabAsset: {fileID: 0}
--- !u!1001 &4501369365042693393
PrefabInstance:
  m_ObjectHideFlags: 0
  serializedVersion: 2
  m_Modification:
    m_TransformParent: {fileID: 5814028624934606671}
    m_Modifications:
    - target: {fileID: 1977028642715744630, guid: 0c4031a67440b9e478529b8057044ec8,
        type: 3}
      propertyPath: m_Name
      value: RandomBoost
      objectReference: {fileID: 0}
    - target: {fileID: 7242053574199689670, guid: 0c4031a67440b9e478529b8057044ec8,
        type: 3}
      propertyPath: m_RootOrder
      value: 0
      objectReference: {fileID: 0}
    - target: {fileID: 7242053574199689670, guid: 0c4031a67440b9e478529b8057044ec8,
        type: 3}
      propertyPath: m_LocalPosition.x
      value: 59.04
      objectReference: {fileID: 0}
    - target: {fileID: 7242053574199689670, guid: 0c4031a67440b9e478529b8057044ec8,
        type: 3}
      propertyPath: m_LocalPosition.y
      value: 5.86
      objectReference: {fileID: 0}
    - target: {fileID: 7242053574199689670, guid: 0c4031a67440b9e478529b8057044ec8,
        type: 3}
      propertyPath: m_LocalPosition.z
      value: 0
      objectReference: {fileID: 0}
    - target: {fileID: 7242053574199689670, guid: 0c4031a67440b9e478529b8057044ec8,
        type: 3}
      propertyPath: m_LocalRotation.w
      value: 1
      objectReference: {fileID: 0}
    - target: {fileID: 7242053574199689670, guid: 0c4031a67440b9e478529b8057044ec8,
        type: 3}
      propertyPath: m_LocalRotation.x
      value: -0
      objectReference: {fileID: 0}
    - target: {fileID: 7242053574199689670, guid: 0c4031a67440b9e478529b8057044ec8,
        type: 3}
      propertyPath: m_LocalRotation.y
      value: -0
      objectReference: {fileID: 0}
    - target: {fileID: 7242053574199689670, guid: 0c4031a67440b9e478529b8057044ec8,
        type: 3}
      propertyPath: m_LocalRotation.z
      value: -0
      objectReference: {fileID: 0}
    - target: {fileID: 7242053574199689670, guid: 0c4031a67440b9e478529b8057044ec8,
        type: 3}
      propertyPath: m_LocalEulerAnglesHint.x
      value: 0
      objectReference: {fileID: 0}
    - target: {fileID: 7242053574199689670, guid: 0c4031a67440b9e478529b8057044ec8,
        type: 3}
      propertyPath: m_LocalEulerAnglesHint.y
      value: 0
      objectReference: {fileID: 0}
    - target: {fileID: 7242053574199689670, guid: 0c4031a67440b9e478529b8057044ec8,
        type: 3}
      propertyPath: m_LocalEulerAnglesHint.z
      value: 0
      objectReference: {fileID: 0}
    m_RemovedComponents: []
  m_SourcePrefab: {fileID: 100100000, guid: 0c4031a67440b9e478529b8057044ec8, type: 3}
--- !u!4 &6555238630296077527 stripped
Transform:
  m_CorrespondingSourceObject: {fileID: 7242053574199689670, guid: 0c4031a67440b9e478529b8057044ec8,
    type: 3}
  m_PrefabInstance: {fileID: 4501369365042693393}
  m_PrefabAsset: {fileID: 0}
--- !u!1001 &5212679991057797947
PrefabInstance:
  m_ObjectHideFlags: 0
  serializedVersion: 2
  m_Modification:
    m_TransformParent: {fileID: 6131459148536866152}
    m_Modifications:
    - target: {fileID: 1045926894884850010, guid: 63f27e3b3050f994091ccf49624a6532,
        type: 3}
      propertyPath: m_Name
      value: Borders
      objectReference: {fileID: 0}
    - target: {fileID: 2022848344087150072, guid: 63f27e3b3050f994091ccf49624a6532,
        type: 3}
      propertyPath: m_RootOrder
      value: 0
      objectReference: {fileID: 0}
    - target: {fileID: 2022848344087150072, guid: 63f27e3b3050f994091ccf49624a6532,
        type: 3}
      propertyPath: m_LocalPosition.x
      value: 0
      objectReference: {fileID: 0}
    - target: {fileID: 2022848344087150072, guid: 63f27e3b3050f994091ccf49624a6532,
        type: 3}
      propertyPath: m_LocalPosition.y
      value: 0
      objectReference: {fileID: 0}
    - target: {fileID: 2022848344087150072, guid: 63f27e3b3050f994091ccf49624a6532,
        type: 3}
      propertyPath: m_LocalPosition.z
      value: 0
      objectReference: {fileID: 0}
    - target: {fileID: 2022848344087150072, guid: 63f27e3b3050f994091ccf49624a6532,
        type: 3}
      propertyPath: m_LocalRotation.w
      value: 1
      objectReference: {fileID: 0}
    - target: {fileID: 2022848344087150072, guid: 63f27e3b3050f994091ccf49624a6532,
        type: 3}
      propertyPath: m_LocalRotation.x
      value: 0
      objectReference: {fileID: 0}
    - target: {fileID: 2022848344087150072, guid: 63f27e3b3050f994091ccf49624a6532,
        type: 3}
      propertyPath: m_LocalRotation.y
      value: 0
      objectReference: {fileID: 0}
    - target: {fileID: 2022848344087150072, guid: 63f27e3b3050f994091ccf49624a6532,
        type: 3}
      propertyPath: m_LocalRotation.z
      value: 0
      objectReference: {fileID: 0}
    - target: {fileID: 2022848344087150072, guid: 63f27e3b3050f994091ccf49624a6532,
        type: 3}
      propertyPath: m_LocalEulerAnglesHint.x
      value: 0
      objectReference: {fileID: 0}
    - target: {fileID: 2022848344087150072, guid: 63f27e3b3050f994091ccf49624a6532,
        type: 3}
      propertyPath: m_LocalEulerAnglesHint.y
      value: 0
      objectReference: {fileID: 0}
    - target: {fileID: 2022848344087150072, guid: 63f27e3b3050f994091ccf49624a6532,
        type: 3}
      propertyPath: m_LocalEulerAnglesHint.z
      value: 0
      objectReference: {fileID: 0}
    m_RemovedComponents: []
  m_SourcePrefab: {fileID: 100100000, guid: 63f27e3b3050f994091ccf49624a6532, type: 3}
--- !u!4 &6072454340042583747 stripped
Transform:
  m_CorrespondingSourceObject: {fileID: 2022848344087150072, guid: 63f27e3b3050f994091ccf49624a6532,
    type: 3}
  m_PrefabInstance: {fileID: 5212679991057797947}
  m_PrefabAsset: {fileID: 0}
