%YAML 1.1
%TAG !u! tag:unity3d.com,2011:
--- !u!1 &3160577056054818048
GameObject:
  m_ObjectHideFlags: 0
  m_CorrespondingSourceObject: {fileID: 0}
  m_PrefabInstance: {fileID: 0}
  m_PrefabAsset: {fileID: 0}
  serializedVersion: 6
  m_Component:
  - component: {fileID: 3114352730983239915}
  - component: {fileID: 3356318230102964740}
  - component: {fileID: 4190829258294923163}
  m_Layer: 9
  m_Name: Enemy
  m_TagString: Enemy
  m_Icon: {fileID: 0}
  m_NavMeshLayer: 0
  m_StaticEditorFlags: 0
  m_IsActive: 1
--- !u!4 &3114352730983239915
Transform:
  m_ObjectHideFlags: 0
  m_CorrespondingSourceObject: {fileID: 0}
  m_PrefabInstance: {fileID: 0}
  m_PrefabAsset: {fileID: 0}
  m_GameObject: {fileID: 3160577056054818048}
  m_LocalRotation: {x: 0, y: 0, z: 0, w: 1}
  m_LocalPosition: {x: 0, y: 0, z: 0}
  m_LocalScale: {x: 1, y: 1, z: 1}
  m_ConstrainProportionsScale: 0
  m_Children:
  - {fileID: 7323190065426116904}
  - {fileID: 1549124713947901847}
  - {fileID: 6849359024949537979}
  m_Father: {fileID: 4066752726778240442}
  m_RootOrder: 0
  m_LocalEulerAnglesHint: {x: 0, y: 0, z: 0}
--- !u!135 &3356318230102964740
SphereCollider:
  m_ObjectHideFlags: 0
  m_CorrespondingSourceObject: {fileID: 0}
  m_PrefabInstance: {fileID: 0}
  m_PrefabAsset: {fileID: 0}
  m_GameObject: {fileID: 3160577056054818048}
  m_Material: {fileID: 0}
  m_IsTrigger: 1
  m_Enabled: 1
  serializedVersion: 2
  m_Radius: 1.1282496
  m_Center: {x: 0, y: 0, z: 0}
--- !u!95 &4190829258294923163
Animator:
  serializedVersion: 4
  m_ObjectHideFlags: 0
  m_CorrespondingSourceObject: {fileID: 0}
  m_PrefabInstance: {fileID: 0}
  m_PrefabAsset: {fileID: 0}
  m_GameObject: {fileID: 3160577056054818048}
  m_Enabled: 1
  m_Avatar: {fileID: 0}
  m_Controller: {fileID: 9100000, guid: 03b4c9b2fc2505746960c1fd5f40b14d, type: 2}
  m_CullingMode: 0
  m_UpdateMode: 0
  m_ApplyRootMotion: 0
  m_LinearVelocityBlending: 0
  m_StabilizeFeet: 0
  m_WarningMessage: 
  m_HasTransformHierarchy: 1
  m_AllowConstantClipSamplingOptimization: 1
  m_KeepAnimatorControllerStateOnDisable: 0
--- !u!1 &3691775914636969728
GameObject:
  m_ObjectHideFlags: 0
  m_CorrespondingSourceObject: {fileID: 0}
  m_PrefabInstance: {fileID: 0}
  m_PrefabAsset: {fileID: 0}
  serializedVersion: 6
  m_Component:
  - component: {fileID: 4066752726778240442}
  m_Layer: 9
  m_Name: Neutrophil_NoScript
  m_TagString: Untagged
  m_Icon: {fileID: 0}
  m_NavMeshLayer: 0
  m_StaticEditorFlags: 0
  m_IsActive: 1
--- !u!4 &4066752726778240442
Transform:
  m_ObjectHideFlags: 0
  m_CorrespondingSourceObject: {fileID: 0}
  m_PrefabInstance: {fileID: 0}
  m_PrefabAsset: {fileID: 0}
  m_GameObject: {fileID: 3691775914636969728}
  m_LocalRotation: {x: -0.7071068, y: 0, z: -0, w: 0.7071068}
  m_LocalPosition: {x: 0, y: 0, z: 0}
  m_LocalScale: {x: 1, y: 1, z: 1}
  m_ConstrainProportionsScale: 1
  m_Children:
  - {fileID: 3114352730983239915}
  - {fileID: 3659139930197137970}
  m_Father: {fileID: 0}
  m_RootOrder: 0
  m_LocalEulerAnglesHint: {x: 0, y: 0, z: 0}
--- !u!1 &4563213797438359416
GameObject:
  m_ObjectHideFlags: 0
  m_CorrespondingSourceObject: {fileID: 0}
  m_PrefabInstance: {fileID: 0}
  m_PrefabAsset: {fileID: 0}
  serializedVersion: 6
  m_Component:
  - component: {fileID: 1549124713947901847}
  - component: {fileID: 2197843772784003499}
  - component: {fileID: 3299911303158135265}
  - component: {fileID: 3166024126422592492}
  m_Layer: 9
  m_Name: Outside
  m_TagString: Untagged
  m_Icon: {fileID: 0}
  m_NavMeshLayer: 0
  m_StaticEditorFlags: 0
  m_IsActive: 1
--- !u!4 &1549124713947901847
Transform:
  m_ObjectHideFlags: 0
  m_CorrespondingSourceObject: {fileID: 0}
  m_PrefabInstance: {fileID: 0}
  m_PrefabAsset: {fileID: 0}
  m_GameObject: {fileID: 4563213797438359416}
  m_LocalRotation: {x: -0, y: -0, z: -0, w: 1}
  m_LocalPosition: {x: 0, y: -0.0021956894, z: -0.005063995}
  m_LocalScale: {x: 1, y: 1, z: 1}
  m_ConstrainProportionsScale: 0
  m_Children: []
  m_Father: {fileID: 3114352730983239915}
  m_RootOrder: 1
  m_LocalEulerAnglesHint: {x: -90, y: 0, z: 0}
--- !u!33 &2197843772784003499
MeshFilter:
  m_ObjectHideFlags: 0
  m_CorrespondingSourceObject: {fileID: 0}
  m_PrefabInstance: {fileID: 0}
  m_PrefabAsset: {fileID: 0}
  m_GameObject: {fileID: 4563213797438359416}
  m_Mesh: {fileID: -5008381810204397873, guid: 8f66b08d10a2de44180824b4f5859723, type: 3}
--- !u!23 &3299911303158135265
MeshRenderer:
  m_ObjectHideFlags: 0
  m_CorrespondingSourceObject: {fileID: 0}
  m_PrefabInstance: {fileID: 0}
  m_PrefabAsset: {fileID: 0}
  m_GameObject: {fileID: 4563213797438359416}
  m_Enabled: 1
  m_CastShadows: 1
  m_ReceiveShadows: 1
  m_DynamicOccludee: 1
  m_StaticShadowCaster: 0
  m_MotionVectors: 1
  m_LightProbeUsage: 1
  m_ReflectionProbeUsage: 1
  m_RayTracingMode: 2
  m_RayTraceProcedural: 0
  m_RenderingLayerMask: 1
  m_RendererPriority: 0
  m_Materials:
  - {fileID: 2100000, guid: 95a386c0775dd244982a448e7a44076b, type: 2}
  m_StaticBatchInfo:
    firstSubMesh: 0
    subMeshCount: 0
  m_StaticBatchRoot: {fileID: 0}
  m_ProbeAnchor: {fileID: 0}
  m_LightProbeVolumeOverride: {fileID: 0}
  m_ScaleInLightmap: 1
  m_ReceiveGI: 1
  m_PreserveUVs: 0
  m_IgnoreNormalsForChartDetection: 0
  m_ImportantGI: 0
  m_StitchLightmapSeams: 1
  m_SelectedEditorRenderState: 3
  m_MinimumChartSize: 4
  m_AutoUVMaxDistance: 0.5
  m_AutoUVMaxAngle: 89
  m_LightmapParameters: {fileID: 0}
  m_SortingLayerID: 0
  m_SortingLayer: 0
  m_SortingOrder: 0
  m_AdditionalVertexStreams: {fileID: 0}
--- !u!135 &3166024126422592492
SphereCollider:
  m_ObjectHideFlags: 0
  m_CorrespondingSourceObject: {fileID: 0}
  m_PrefabInstance: {fileID: 0}
  m_PrefabAsset: {fileID: 0}
  m_GameObject: {fileID: 4563213797438359416}
  m_Material: {fileID: 0}
  m_IsTrigger: 1
  m_Enabled: 1
  serializedVersion: 2
  m_Radius: 1.1282496
  m_Center: {x: 0, y: 0, z: 0}
--- !u!1 &7267457281759601420
GameObject:
  m_ObjectHideFlags: 0
  m_CorrespondingSourceObject: {fileID: 0}
  m_PrefabInstance: {fileID: 0}
  m_PrefabAsset: {fileID: 0}
  serializedVersion: 6
  m_Component:
  - component: {fileID: 6849359024949537979}
  m_Layer: 9
  m_Name: BulletSpawn
  m_TagString: Untagged
  m_Icon: {fileID: 0}
  m_NavMeshLayer: 0
  m_StaticEditorFlags: 0
  m_IsActive: 1
--- !u!4 &6849359024949537979
Transform:
  m_ObjectHideFlags: 0
  m_CorrespondingSourceObject: {fileID: 0}
  m_PrefabInstance: {fileID: 0}
  m_PrefabAsset: {fileID: 0}
  m_GameObject: {fileID: 7267457281759601420}
  m_LocalRotation: {x: -0, y: -0, z: -0, w: 1}
  m_LocalPosition: {x: -1.142, y: 0, z: 0}
  m_LocalScale: {x: 1, y: 1, z: 1}
  m_ConstrainProportionsScale: 0
  m_Children: []
  m_Father: {fileID: 3114352730983239915}
  m_RootOrder: 2
  m_LocalEulerAnglesHint: {x: 0, y: 0, z: 0}
--- !u!1 &8422254963856900967
GameObject:
  m_ObjectHideFlags: 0
  m_CorrespondingSourceObject: {fileID: 0}
  m_PrefabInstance: {fileID: 0}
  m_PrefabAsset: {fileID: 0}
  serializedVersion: 6
  m_Component:
  - component: {fileID: 7323190065426116904}
  - component: {fileID: 2780035144418954965}
  m_Layer: 9
  m_Name: Insides
  m_TagString: Untagged
  m_Icon: {fileID: 0}
  m_NavMeshLayer: 0
  m_StaticEditorFlags: 0
  m_IsActive: 1
--- !u!4 &7323190065426116904
Transform:
  m_ObjectHideFlags: 0
  m_CorrespondingSourceObject: {fileID: 0}
  m_PrefabInstance: {fileID: 0}
  m_PrefabAsset: {fileID: 0}
  m_GameObject: {fileID: 8422254963856900967}
  m_LocalRotation: {x: -0, y: -0, z: -0, w: 1}
  m_LocalPosition: {x: 0, y: 0, z: 0}
  m_LocalScale: {x: 1, y: 1, z: 1}
  m_ConstrainProportionsScale: 0
  m_Children:
  - {fileID: 5497342481798847349}
  - {fileID: 289469969410305068}
  - {fileID: 7329383654280782928}
  - {fileID: 2522842384629257930}
  - {fileID: 7415712333954601649}
  - {fileID: 8708009594016554745}
  - {fileID: 367848492910090580}
  - {fileID: 1212564481355072954}
  - {fileID: 3326591619940413981}
  - {fileID: 4928267015252319693}
  - {fileID: 4438821513506771197}
  - {fileID: 8290450369881537620}
  - {fileID: 6899401570260317040}
  m_Father: {fileID: 3114352730983239915}
  m_RootOrder: 0
  m_LocalEulerAnglesHint: {x: 0, y: 0, z: 0}
--- !u!135 &2780035144418954965
SphereCollider:
  m_ObjectHideFlags: 0
  m_CorrespondingSourceObject: {fileID: 0}
  m_PrefabInstance: {fileID: 0}
  m_PrefabAsset: {fileID: 0}
  m_GameObject: {fileID: 8422254963856900967}
  m_Material: {fileID: 0}
  m_IsTrigger: 0
  m_Enabled: 1
  serializedVersion: 2
  m_Radius: 0.92
  m_Center: {x: 0, y: 0, z: 0}
--- !u!1001 &184758893659619007
PrefabInstance:
  m_ObjectHideFlags: 0
  serializedVersion: 2
  m_Modification:
    m_TransformParent: {fileID: 7323190065426116904}
    m_Modifications:
    - target: {fileID: -8679921383154817045, guid: 00936a65f4380984394ef9c015a8afdf,
        type: 3}
      propertyPath: m_RootOrder
      value: 6
      objectReference: {fileID: 0}
    - target: {fileID: -8679921383154817045, guid: 00936a65f4380984394ef9c015a8afdf,
        type: 3}
      propertyPath: m_LocalScale.x
      value: 0.12893769
      objectReference: {fileID: 0}
    - target: {fileID: -8679921383154817045, guid: 00936a65f4380984394ef9c015a8afdf,
        type: 3}
      propertyPath: m_LocalScale.y
      value: 0.12893769
      objectReference: {fileID: 0}
    - target: {fileID: -8679921383154817045, guid: 00936a65f4380984394ef9c015a8afdf,
        type: 3}
      propertyPath: m_LocalScale.z
      value: 0.12893769
      objectReference: {fileID: 0}
    - target: {fileID: -8679921383154817045, guid: 00936a65f4380984394ef9c015a8afdf,
        type: 3}
      propertyPath: m_LocalPosition.x
      value: -0.273
      objectReference: {fileID: 0}
    - target: {fileID: -8679921383154817045, guid: 00936a65f4380984394ef9c015a8afdf,
        type: 3}
      propertyPath: m_LocalPosition.y
      value: -0.14600001
      objectReference: {fileID: 0}
    - target: {fileID: -8679921383154817045, guid: 00936a65f4380984394ef9c015a8afdf,
        type: 3}
      propertyPath: m_LocalPosition.z
      value: 0.5160001
      objectReference: {fileID: 0}
    - target: {fileID: -8679921383154817045, guid: 00936a65f4380984394ef9c015a8afdf,
        type: 3}
      propertyPath: m_LocalRotation.w
      value: 0.7071068
      objectReference: {fileID: 0}
    - target: {fileID: -8679921383154817045, guid: 00936a65f4380984394ef9c015a8afdf,
        type: 3}
      propertyPath: m_LocalRotation.x
      value: -0.7071068
      objectReference: {fileID: 0}
    - target: {fileID: -8679921383154817045, guid: 00936a65f4380984394ef9c015a8afdf,
        type: 3}
      propertyPath: m_LocalRotation.y
      value: -0
      objectReference: {fileID: 0}
    - target: {fileID: -8679921383154817045, guid: 00936a65f4380984394ef9c015a8afdf,
        type: 3}
      propertyPath: m_LocalRotation.z
      value: -0
      objectReference: {fileID: 0}
    - target: {fileID: -8679921383154817045, guid: 00936a65f4380984394ef9c015a8afdf,
        type: 3}
      propertyPath: m_LocalEulerAnglesHint.x
      value: 0
      objectReference: {fileID: 0}
    - target: {fileID: -8679921383154817045, guid: 00936a65f4380984394ef9c015a8afdf,
        type: 3}
      propertyPath: m_LocalEulerAnglesHint.y
      value: 0
      objectReference: {fileID: 0}
    - target: {fileID: -8679921383154817045, guid: 00936a65f4380984394ef9c015a8afdf,
        type: 3}
      propertyPath: m_LocalEulerAnglesHint.z
      value: 0
      objectReference: {fileID: 0}
    - target: {fileID: -7511558181221131132, guid: 00936a65f4380984394ef9c015a8afdf,
        type: 3}
      propertyPath: m_Materials.Array.data[0]
      value: 
      objectReference: {fileID: 2100000, guid: c323d19603f557649b1db8543e2a8f67, type: 2}
    - target: {fileID: 919132149155446097, guid: 00936a65f4380984394ef9c015a8afdf,
        type: 3}
      propertyPath: m_Name
      value: granulocyte (6)
      objectReference: {fileID: 0}
    - target: {fileID: 919132149155446097, guid: 00936a65f4380984394ef9c015a8afdf,
        type: 3}
      propertyPath: m_Layer
      value: 9
      objectReference: {fileID: 0}
    m_RemovedComponents: []
  m_SourcePrefab: {fileID: 100100000, guid: 00936a65f4380984394ef9c015a8afdf, type: 3}
--- !u!4 &367848492910090580 stripped
Transform:
  m_CorrespondingSourceObject: {fileID: -8679921383154817045, guid: 00936a65f4380984394ef9c015a8afdf,
    type: 3}
  m_PrefabInstance: {fileID: 184758893659619007}
  m_PrefabAsset: {fileID: 0}
--- !u!1001 &256386432953043911
PrefabInstance:
  m_ObjectHideFlags: 0
  serializedVersion: 2
  m_Modification:
    m_TransformParent: {fileID: 7323190065426116904}
    m_Modifications:
    - target: {fileID: -8679921383154817045, guid: 00936a65f4380984394ef9c015a8afdf,
        type: 3}
      propertyPath: m_RootOrder
      value: 1
      objectReference: {fileID: 0}
    - target: {fileID: -8679921383154817045, guid: 00936a65f4380984394ef9c015a8afdf,
        type: 3}
      propertyPath: m_LocalScale.x
      value: 0.12893769
      objectReference: {fileID: 0}
    - target: {fileID: -8679921383154817045, guid: 00936a65f4380984394ef9c015a8afdf,
        type: 3}
      propertyPath: m_LocalScale.y
      value: 0.12893769
      objectReference: {fileID: 0}
    - target: {fileID: -8679921383154817045, guid: 00936a65f4380984394ef9c015a8afdf,
        type: 3}
      propertyPath: m_LocalScale.z
      value: 0.12893769
      objectReference: {fileID: 0}
    - target: {fileID: -8679921383154817045, guid: 00936a65f4380984394ef9c015a8afdf,
        type: 3}
      propertyPath: m_LocalPosition.x
      value: 0.366
      objectReference: {fileID: 0}
    - target: {fileID: -8679921383154817045, guid: 00936a65f4380984394ef9c015a8afdf,
        type: 3}
      propertyPath: m_LocalPosition.y
      value: 0.53500015
      objectReference: {fileID: 0}
    - target: {fileID: -8679921383154817045, guid: 00936a65f4380984394ef9c015a8afdf,
        type: 3}
      propertyPath: m_LocalPosition.z
      value: 0.37800008
      objectReference: {fileID: 0}
    - target: {fileID: -8679921383154817045, guid: 00936a65f4380984394ef9c015a8afdf,
        type: 3}
      propertyPath: m_LocalRotation.w
      value: 0.7071068
      objectReference: {fileID: 0}
    - target: {fileID: -8679921383154817045, guid: 00936a65f4380984394ef9c015a8afdf,
        type: 3}
      propertyPath: m_LocalRotation.x
      value: -0.7071068
      objectReference: {fileID: 0}
    - target: {fileID: -8679921383154817045, guid: 00936a65f4380984394ef9c015a8afdf,
        type: 3}
      propertyPath: m_LocalRotation.y
      value: -0
      objectReference: {fileID: 0}
    - target: {fileID: -8679921383154817045, guid: 00936a65f4380984394ef9c015a8afdf,
        type: 3}
      propertyPath: m_LocalRotation.z
      value: -0
      objectReference: {fileID: 0}
    - target: {fileID: -8679921383154817045, guid: 00936a65f4380984394ef9c015a8afdf,
        type: 3}
      propertyPath: m_LocalEulerAnglesHint.x
      value: 0
      objectReference: {fileID: 0}
    - target: {fileID: -8679921383154817045, guid: 00936a65f4380984394ef9c015a8afdf,
        type: 3}
      propertyPath: m_LocalEulerAnglesHint.y
      value: 0
      objectReference: {fileID: 0}
    - target: {fileID: -8679921383154817045, guid: 00936a65f4380984394ef9c015a8afdf,
        type: 3}
      propertyPath: m_LocalEulerAnglesHint.z
      value: 0
      objectReference: {fileID: 0}
    - target: {fileID: -7511558181221131132, guid: 00936a65f4380984394ef9c015a8afdf,
        type: 3}
      propertyPath: m_Materials.Array.data[0]
      value: 
      objectReference: {fileID: 2100000, guid: c323d19603f557649b1db8543e2a8f67, type: 2}
    - target: {fileID: 919132149155446097, guid: 00936a65f4380984394ef9c015a8afdf,
        type: 3}
      propertyPath: m_Name
      value: granulocyte (1)
      objectReference: {fileID: 0}
    - target: {fileID: 919132149155446097, guid: 00936a65f4380984394ef9c015a8afdf,
        type: 3}
      propertyPath: m_Layer
      value: 9
      objectReference: {fileID: 0}
    m_RemovedComponents: []
  m_SourcePrefab: {fileID: 100100000, guid: 00936a65f4380984394ef9c015a8afdf, type: 3}
--- !u!4 &289469969410305068 stripped
Transform:
  m_CorrespondingSourceObject: {fileID: -8679921383154817045, guid: 00936a65f4380984394ef9c015a8afdf,
    type: 3}
  m_PrefabInstance: {fileID: 256386432953043911}
  m_PrefabAsset: {fileID: 0}
--- !u!1001 &1682478765182132817
PrefabInstance:
  m_ObjectHideFlags: 0
  serializedVersion: 2
  m_Modification:
    m_TransformParent: {fileID: 7323190065426116904}
    m_Modifications:
    - target: {fileID: -8679921383154817045, guid: 00936a65f4380984394ef9c015a8afdf,
        type: 3}
      propertyPath: m_RootOrder
      value: 7
      objectReference: {fileID: 0}
    - target: {fileID: -8679921383154817045, guid: 00936a65f4380984394ef9c015a8afdf,
        type: 3}
      propertyPath: m_LocalScale.x
      value: 0.12893769
      objectReference: {fileID: 0}
    - target: {fileID: -8679921383154817045, guid: 00936a65f4380984394ef9c015a8afdf,
        type: 3}
      propertyPath: m_LocalScale.y
      value: 0.12893769
      objectReference: {fileID: 0}
    - target: {fileID: -8679921383154817045, guid: 00936a65f4380984394ef9c015a8afdf,
        type: 3}
      propertyPath: m_LocalScale.z
      value: 0.12893769
      objectReference: {fileID: 0}
    - target: {fileID: -8679921383154817045, guid: 00936a65f4380984394ef9c015a8afdf,
        type: 3}
      propertyPath: m_LocalPosition.x
      value: -0.273
      objectReference: {fileID: 0}
    - target: {fileID: -8679921383154817045, guid: 00936a65f4380984394ef9c015a8afdf,
        type: 3}
      propertyPath: m_LocalPosition.y
      value: 0.15800004
      objectReference: {fileID: 0}
    - target: {fileID: -8679921383154817045, guid: 00936a65f4380984394ef9c015a8afdf,
        type: 3}
      propertyPath: m_LocalPosition.z
      value: -0.52500015
      objectReference: {fileID: 0}
    - target: {fileID: -8679921383154817045, guid: 00936a65f4380984394ef9c015a8afdf,
        type: 3}
      propertyPath: m_LocalRotation.w
      value: 0.7071068
      objectReference: {fileID: 0}
    - target: {fileID: -8679921383154817045, guid: 00936a65f4380984394ef9c015a8afdf,
        type: 3}
      propertyPath: m_LocalRotation.x
      value: -0.7071068
      objectReference: {fileID: 0}
    - target: {fileID: -8679921383154817045, guid: 00936a65f4380984394ef9c015a8afdf,
        type: 3}
      propertyPath: m_LocalRotation.y
      value: -0
      objectReference: {fileID: 0}
    - target: {fileID: -8679921383154817045, guid: 00936a65f4380984394ef9c015a8afdf,
        type: 3}
      propertyPath: m_LocalRotation.z
      value: -0
      objectReference: {fileID: 0}
    - target: {fileID: -8679921383154817045, guid: 00936a65f4380984394ef9c015a8afdf,
        type: 3}
      propertyPath: m_LocalEulerAnglesHint.x
      value: 0
      objectReference: {fileID: 0}
    - target: {fileID: -8679921383154817045, guid: 00936a65f4380984394ef9c015a8afdf,
        type: 3}
      propertyPath: m_LocalEulerAnglesHint.y
      value: 0
      objectReference: {fileID: 0}
    - target: {fileID: -8679921383154817045, guid: 00936a65f4380984394ef9c015a8afdf,
        type: 3}
      propertyPath: m_LocalEulerAnglesHint.z
      value: 0
      objectReference: {fileID: 0}
    - target: {fileID: -7511558181221131132, guid: 00936a65f4380984394ef9c015a8afdf,
        type: 3}
      propertyPath: m_Materials.Array.data[0]
      value: 
      objectReference: {fileID: 2100000, guid: c323d19603f557649b1db8543e2a8f67, type: 2}
    - target: {fileID: 919132149155446097, guid: 00936a65f4380984394ef9c015a8afdf,
        type: 3}
      propertyPath: m_Name
      value: granulocyte (7)
      objectReference: {fileID: 0}
    - target: {fileID: 919132149155446097, guid: 00936a65f4380984394ef9c015a8afdf,
        type: 3}
      propertyPath: m_Layer
      value: 9
      objectReference: {fileID: 0}
    m_RemovedComponents: []
  m_SourcePrefab: {fileID: 100100000, guid: 00936a65f4380984394ef9c015a8afdf, type: 3}
--- !u!4 &1212564481355072954 stripped
Transform:
  m_CorrespondingSourceObject: {fileID: -8679921383154817045, guid: 00936a65f4380984394ef9c015a8afdf,
    type: 3}
  m_PrefabInstance: {fileID: 1682478765182132817}
  m_PrefabAsset: {fileID: 0}
--- !u!1001 &2632449318637613345
PrefabInstance:
  m_ObjectHideFlags: 0
  serializedVersion: 2
  m_Modification:
    m_TransformParent: {fileID: 7323190065426116904}
    m_Modifications:
    - target: {fileID: -8679921383154817045, guid: 00936a65f4380984394ef9c015a8afdf,
        type: 3}
      propertyPath: m_RootOrder
      value: 3
      objectReference: {fileID: 0}
    - target: {fileID: -8679921383154817045, guid: 00936a65f4380984394ef9c015a8afdf,
        type: 3}
      propertyPath: m_LocalScale.x
      value: 0.12893769
      objectReference: {fileID: 0}
    - target: {fileID: -8679921383154817045, guid: 00936a65f4380984394ef9c015a8afdf,
        type: 3}
      propertyPath: m_LocalScale.y
      value: 0.12893769
      objectReference: {fileID: 0}
    - target: {fileID: -8679921383154817045, guid: 00936a65f4380984394ef9c015a8afdf,
        type: 3}
      propertyPath: m_LocalScale.z
      value: 0.12893769
      objectReference: {fileID: 0}
    - target: {fileID: -8679921383154817045, guid: 00936a65f4380984394ef9c015a8afdf,
        type: 3}
      propertyPath: m_LocalPosition.x
      value: -0.146
      objectReference: {fileID: 0}
    - target: {fileID: -8679921383154817045, guid: 00936a65f4380984394ef9c015a8afdf,
        type: 3}
      propertyPath: m_LocalPosition.y
      value: 0.5390001
      objectReference: {fileID: 0}
    - target: {fileID: -8679921383154817045, guid: 00936a65f4380984394ef9c015a8afdf,
        type: 3}
      propertyPath: m_LocalPosition.z
      value: -0.41800016
      objectReference: {fileID: 0}
    - target: {fileID: -8679921383154817045, guid: 00936a65f4380984394ef9c015a8afdf,
        type: 3}
      propertyPath: m_LocalRotation.w
      value: 0.7071068
      objectReference: {fileID: 0}
    - target: {fileID: -8679921383154817045, guid: 00936a65f4380984394ef9c015a8afdf,
        type: 3}
      propertyPath: m_LocalRotation.x
      value: -0.7071068
      objectReference: {fileID: 0}
    - target: {fileID: -8679921383154817045, guid: 00936a65f4380984394ef9c015a8afdf,
        type: 3}
      propertyPath: m_LocalRotation.y
      value: -0
      objectReference: {fileID: 0}
    - target: {fileID: -8679921383154817045, guid: 00936a65f4380984394ef9c015a8afdf,
        type: 3}
      propertyPath: m_LocalRotation.z
      value: -0
      objectReference: {fileID: 0}
    - target: {fileID: -8679921383154817045, guid: 00936a65f4380984394ef9c015a8afdf,
        type: 3}
      propertyPath: m_LocalEulerAnglesHint.x
      value: 0
      objectReference: {fileID: 0}
    - target: {fileID: -8679921383154817045, guid: 00936a65f4380984394ef9c015a8afdf,
        type: 3}
      propertyPath: m_LocalEulerAnglesHint.y
      value: 0
      objectReference: {fileID: 0}
    - target: {fileID: -8679921383154817045, guid: 00936a65f4380984394ef9c015a8afdf,
        type: 3}
      propertyPath: m_LocalEulerAnglesHint.z
      value: 0
      objectReference: {fileID: 0}
    - target: {fileID: -7511558181221131132, guid: 00936a65f4380984394ef9c015a8afdf,
        type: 3}
      propertyPath: m_Materials.Array.data[0]
      value: 
      objectReference: {fileID: 2100000, guid: c323d19603f557649b1db8543e2a8f67, type: 2}
    - target: {fileID: 919132149155446097, guid: 00936a65f4380984394ef9c015a8afdf,
        type: 3}
      propertyPath: m_Name
      value: granulocyte (3)
      objectReference: {fileID: 0}
    - target: {fileID: 919132149155446097, guid: 00936a65f4380984394ef9c015a8afdf,
        type: 3}
      propertyPath: m_Layer
      value: 9
      objectReference: {fileID: 0}
    m_RemovedComponents: []
  m_SourcePrefab: {fileID: 100100000, guid: 00936a65f4380984394ef9c015a8afdf, type: 3}
--- !u!4 &2522842384629257930 stripped
Transform:
  m_CorrespondingSourceObject: {fileID: -8679921383154817045, guid: 00936a65f4380984394ef9c015a8afdf,
    type: 3}
  m_PrefabInstance: {fileID: 2632449318637613345}
  m_PrefabAsset: {fileID: 0}
--- !u!1001 &2999630488926918134
PrefabInstance:
  m_ObjectHideFlags: 0
  serializedVersion: 2
  m_Modification:
    m_TransformParent: {fileID: 7323190065426116904}
    m_Modifications:
    - target: {fileID: -8679921383154817045, guid: 00936a65f4380984394ef9c015a8afdf,
        type: 3}
      propertyPath: m_RootOrder
      value: 8
      objectReference: {fileID: 0}
    - target: {fileID: -8679921383154817045, guid: 00936a65f4380984394ef9c015a8afdf,
        type: 3}
      propertyPath: m_LocalScale.x
      value: 0.12893769
      objectReference: {fileID: 0}
    - target: {fileID: -8679921383154817045, guid: 00936a65f4380984394ef9c015a8afdf,
        type: 3}
      propertyPath: m_LocalScale.y
      value: 0.12893769
      objectReference: {fileID: 0}
    - target: {fileID: -8679921383154817045, guid: 00936a65f4380984394ef9c015a8afdf,
        type: 3}
      propertyPath: m_LocalScale.z
      value: 0.12893769
      objectReference: {fileID: 0}
    - target: {fileID: -8679921383154817045, guid: 00936a65f4380984394ef9c015a8afdf,
        type: 3}
      propertyPath: m_LocalPosition.x
      value: 0.074
      objectReference: {fileID: 0}
    - target: {fileID: -8679921383154817045, guid: 00936a65f4380984394ef9c015a8afdf,
        type: 3}
      propertyPath: m_LocalPosition.y
      value: -0.20200004
      objectReference: {fileID: 0}
    - target: {fileID: -8679921383154817045, guid: 00936a65f4380984394ef9c015a8afdf,
        type: 3}
      propertyPath: m_LocalPosition.z
      value: -0.52500015
      objectReference: {fileID: 0}
    - target: {fileID: -8679921383154817045, guid: 00936a65f4380984394ef9c015a8afdf,
        type: 3}
      propertyPath: m_LocalRotation.w
      value: 0.7071068
      objectReference: {fileID: 0}
    - target: {fileID: -8679921383154817045, guid: 00936a65f4380984394ef9c015a8afdf,
        type: 3}
      propertyPath: m_LocalRotation.x
      value: -0.7071068
      objectReference: {fileID: 0}
    - target: {fileID: -8679921383154817045, guid: 00936a65f4380984394ef9c015a8afdf,
        type: 3}
      propertyPath: m_LocalRotation.y
      value: -0
      objectReference: {fileID: 0}
    - target: {fileID: -8679921383154817045, guid: 00936a65f4380984394ef9c015a8afdf,
        type: 3}
      propertyPath: m_LocalRotation.z
      value: -0
      objectReference: {fileID: 0}
    - target: {fileID: -8679921383154817045, guid: 00936a65f4380984394ef9c015a8afdf,
        type: 3}
      propertyPath: m_LocalEulerAnglesHint.x
      value: 0
      objectReference: {fileID: 0}
    - target: {fileID: -8679921383154817045, guid: 00936a65f4380984394ef9c015a8afdf,
        type: 3}
      propertyPath: m_LocalEulerAnglesHint.y
      value: 0
      objectReference: {fileID: 0}
    - target: {fileID: -8679921383154817045, guid: 00936a65f4380984394ef9c015a8afdf,
        type: 3}
      propertyPath: m_LocalEulerAnglesHint.z
      value: 0
      objectReference: {fileID: 0}
    - target: {fileID: -7511558181221131132, guid: 00936a65f4380984394ef9c015a8afdf,
        type: 3}
      propertyPath: m_Materials.Array.data[0]
      value: 
      objectReference: {fileID: 2100000, guid: c323d19603f557649b1db8543e2a8f67, type: 2}
    - target: {fileID: 919132149155446097, guid: 00936a65f4380984394ef9c015a8afdf,
        type: 3}
      propertyPath: m_Name
      value: granulocyte (8)
      objectReference: {fileID: 0}
    - target: {fileID: 919132149155446097, guid: 00936a65f4380984394ef9c015a8afdf,
        type: 3}
      propertyPath: m_Layer
      value: 9
      objectReference: {fileID: 0}
    m_RemovedComponents: []
  m_SourcePrefab: {fileID: 100100000, guid: 00936a65f4380984394ef9c015a8afdf, type: 3}
--- !u!4 &3326591619940413981 stripped
Transform:
  m_CorrespondingSourceObject: {fileID: -8679921383154817045, guid: 00936a65f4380984394ef9c015a8afdf,
    type: 3}
  m_PrefabInstance: {fileID: 2999630488926918134}
  m_PrefabAsset: {fileID: 0}
--- !u!1001 &3406394233953447826
PrefabInstance:
  m_ObjectHideFlags: 0
  serializedVersion: 2
  m_Modification:
    m_TransformParent: {fileID: 4066752726778240442}
    m_Modifications:
    - target: {fileID: 2030858092723187501, guid: 4d581a579fa033c47863bd241af4e60e,
        type: 3}
      propertyPath: m_Name
      value: DeathExplosion
      objectReference: {fileID: 0}
    - target: {fileID: 2126281641489003936, guid: 4d581a579fa033c47863bd241af4e60e,
        type: 3}
      propertyPath: m_RootOrder
      value: 1
      objectReference: {fileID: 0}
    - target: {fileID: 2126281641489003936, guid: 4d581a579fa033c47863bd241af4e60e,
        type: 3}
      propertyPath: m_LocalPosition.x
      value: 0
      objectReference: {fileID: 0}
    - target: {fileID: 2126281641489003936, guid: 4d581a579fa033c47863bd241af4e60e,
        type: 3}
      propertyPath: m_LocalPosition.y
      value: 0
      objectReference: {fileID: 0}
    - target: {fileID: 2126281641489003936, guid: 4d581a579fa033c47863bd241af4e60e,
        type: 3}
      propertyPath: m_LocalPosition.z
      value: 0
      objectReference: {fileID: 0}
    - target: {fileID: 2126281641489003936, guid: 4d581a579fa033c47863bd241af4e60e,
        type: 3}
      propertyPath: m_LocalRotation.w
      value: 1
      objectReference: {fileID: 0}
    - target: {fileID: 2126281641489003936, guid: 4d581a579fa033c47863bd241af4e60e,
        type: 3}
      propertyPath: m_LocalRotation.x
      value: 0
      objectReference: {fileID: 0}
    - target: {fileID: 2126281641489003936, guid: 4d581a579fa033c47863bd241af4e60e,
        type: 3}
      propertyPath: m_LocalRotation.y
      value: 0
      objectReference: {fileID: 0}
    - target: {fileID: 2126281641489003936, guid: 4d581a579fa033c47863bd241af4e60e,
        type: 3}
      propertyPath: m_LocalRotation.z
      value: 0
      objectReference: {fileID: 0}
    - target: {fileID: 2126281641489003936, guid: 4d581a579fa033c47863bd241af4e60e,
        type: 3}
      propertyPath: m_LocalEulerAnglesHint.x
      value: 0
      objectReference: {fileID: 0}
    - target: {fileID: 2126281641489003936, guid: 4d581a579fa033c47863bd241af4e60e,
        type: 3}
      propertyPath: m_LocalEulerAnglesHint.y
      value: 0
      objectReference: {fileID: 0}
    - target: {fileID: 2126281641489003936, guid: 4d581a579fa033c47863bd241af4e60e,
        type: 3}
      propertyPath: m_LocalEulerAnglesHint.z
      value: 0
      objectReference: {fileID: 0}
    - target: {fileID: 5822875988911600272, guid: 4d581a579fa033c47863bd241af4e60e,
        type: 3}
      propertyPath: m_Materials.Array.data[0]
      value: 
      objectReference: {fileID: 2100000, guid: 9de34ec40e847c54ca0e4a18eca317e9, type: 2}
    - target: {fileID: 7798135135798635556, guid: 4d581a579fa033c47863bd241af4e60e,
        type: 3}
      propertyPath: m_Materials.Array.data[0]
      value: 
      objectReference: {fileID: 2100000, guid: 07e4ba2fc8cbff941adf69a9ca9974f3, type: 2}
    m_RemovedComponents: []
  m_SourcePrefab: {fileID: 100100000, guid: 4d581a579fa033c47863bd241af4e60e, type: 3}
--- !u!4 &3659139930197137970 stripped
Transform:
  m_CorrespondingSourceObject: {fileID: 2126281641489003936, guid: 4d581a579fa033c47863bd241af4e60e,
    type: 3}
  m_PrefabInstance: {fileID: 3406394233953447826}
  m_PrefabAsset: {fileID: 0}
--- !u!1001 &4184800471964432150
PrefabInstance:
  m_ObjectHideFlags: 0
  serializedVersion: 2
  m_Modification:
    m_TransformParent: {fileID: 7323190065426116904}
    m_Modifications:
    - target: {fileID: -8679921383154817045, guid: 00936a65f4380984394ef9c015a8afdf,
        type: 3}
      propertyPath: m_RootOrder
      value: 10
      objectReference: {fileID: 0}
    - target: {fileID: -8679921383154817045, guid: 00936a65f4380984394ef9c015a8afdf,
        type: 3}
      propertyPath: m_LocalScale.x
      value: 0.12893769
      objectReference: {fileID: 0}
    - target: {fileID: -8679921383154817045, guid: 00936a65f4380984394ef9c015a8afdf,
        type: 3}
      propertyPath: m_LocalScale.y
      value: 0.12893769
      objectReference: {fileID: 0}
    - target: {fileID: -8679921383154817045, guid: 00936a65f4380984394ef9c015a8afdf,
        type: 3}
      propertyPath: m_LocalScale.z
      value: 0.12893769
      objectReference: {fileID: 0}
    - target: {fileID: -8679921383154817045, guid: 00936a65f4380984394ef9c015a8afdf,
        type: 3}
      propertyPath: m_LocalPosition.x
      value: -0.731
      objectReference: {fileID: 0}
    - target: {fileID: -8679921383154817045, guid: 00936a65f4380984394ef9c015a8afdf,
        type: 3}
      propertyPath: m_LocalPosition.y
      value: -0.024000006
      objectReference: {fileID: 0}
    - target: {fileID: -8679921383154817045, guid: 00936a65f4380984394ef9c015a8afdf,
        type: 3}
      propertyPath: m_LocalPosition.z
      value: -0.22700006
      objectReference: {fileID: 0}
    - target: {fileID: -8679921383154817045, guid: 00936a65f4380984394ef9c015a8afdf,
        type: 3}
      propertyPath: m_LocalRotation.w
      value: 0.7071068
      objectReference: {fileID: 0}
    - target: {fileID: -8679921383154817045, guid: 00936a65f4380984394ef9c015a8afdf,
        type: 3}
      propertyPath: m_LocalRotation.x
      value: -0.7071068
      objectReference: {fileID: 0}
    - target: {fileID: -8679921383154817045, guid: 00936a65f4380984394ef9c015a8afdf,
        type: 3}
      propertyPath: m_LocalRotation.y
      value: -0
      objectReference: {fileID: 0}
    - target: {fileID: -8679921383154817045, guid: 00936a65f4380984394ef9c015a8afdf,
        type: 3}
      propertyPath: m_LocalRotation.z
      value: -0
      objectReference: {fileID: 0}
    - target: {fileID: -8679921383154817045, guid: 00936a65f4380984394ef9c015a8afdf,
        type: 3}
      propertyPath: m_LocalEulerAnglesHint.x
      value: 0
      objectReference: {fileID: 0}
    - target: {fileID: -8679921383154817045, guid: 00936a65f4380984394ef9c015a8afdf,
        type: 3}
      propertyPath: m_LocalEulerAnglesHint.y
      value: 0
      objectReference: {fileID: 0}
    - target: {fileID: -8679921383154817045, guid: 00936a65f4380984394ef9c015a8afdf,
        type: 3}
      propertyPath: m_LocalEulerAnglesHint.z
      value: 0
      objectReference: {fileID: 0}
    - target: {fileID: -7511558181221131132, guid: 00936a65f4380984394ef9c015a8afdf,
        type: 3}
      propertyPath: m_Materials.Array.data[0]
      value: 
      objectReference: {fileID: 2100000, guid: c323d19603f557649b1db8543e2a8f67, type: 2}
    - target: {fileID: 919132149155446097, guid: 00936a65f4380984394ef9c015a8afdf,
        type: 3}
      propertyPath: m_Name
      value: granulocyte (10)
      objectReference: {fileID: 0}
    - target: {fileID: 919132149155446097, guid: 00936a65f4380984394ef9c015a8afdf,
        type: 3}
      propertyPath: m_Layer
      value: 9
      objectReference: {fileID: 0}
    m_RemovedComponents: []
  m_SourcePrefab: {fileID: 100100000, guid: 00936a65f4380984394ef9c015a8afdf, type: 3}
--- !u!4 &4438821513506771197 stripped
Transform:
  m_CorrespondingSourceObject: {fileID: -8679921383154817045, guid: 00936a65f4380984394ef9c015a8afdf,
    type: 3}
  m_PrefabInstance: {fileID: 4184800471964432150}
  m_PrefabAsset: {fileID: 0}
--- !u!1001 &4894851770164902438
PrefabInstance:
  m_ObjectHideFlags: 0
  serializedVersion: 2
  m_Modification:
    m_TransformParent: {fileID: 7323190065426116904}
    m_Modifications:
    - target: {fileID: -8679921383154817045, guid: 00936a65f4380984394ef9c015a8afdf,
        type: 3}
      propertyPath: m_RootOrder
      value: 9
      objectReference: {fileID: 0}
    - target: {fileID: -8679921383154817045, guid: 00936a65f4380984394ef9c015a8afdf,
        type: 3}
      propertyPath: m_LocalScale.x
      value: 0.12893769
      objectReference: {fileID: 0}
    - target: {fileID: -8679921383154817045, guid: 00936a65f4380984394ef9c015a8afdf,
        type: 3}
      propertyPath: m_LocalScale.y
      value: 0.12893769
      objectReference: {fileID: 0}
    - target: {fileID: -8679921383154817045, guid: 00936a65f4380984394ef9c015a8afdf,
        type: 3}
      propertyPath: m_LocalScale.z
      value: 0.12893769
      objectReference: {fileID: 0}
    - target: {fileID: -8679921383154817045, guid: 00936a65f4380984394ef9c015a8afdf,
        type: 3}
      propertyPath: m_LocalPosition.x
      value: 0.074
      objectReference: {fileID: 0}
    - target: {fileID: -8679921383154817045, guid: 00936a65f4380984394ef9c015a8afdf,
        type: 3}
      propertyPath: m_LocalPosition.y
      value: -0.4760002
      objectReference: {fileID: 0}
    - target: {fileID: -8679921383154817045, guid: 00936a65f4380984394ef9c015a8afdf,
        type: 3}
      propertyPath: m_LocalPosition.z
      value: -0.22700004
      objectReference: {fileID: 0}
    - target: {fileID: -8679921383154817045, guid: 00936a65f4380984394ef9c015a8afdf,
        type: 3}
      propertyPath: m_LocalRotation.w
      value: 0.7071068
      objectReference: {fileID: 0}
    - target: {fileID: -8679921383154817045, guid: 00936a65f4380984394ef9c015a8afdf,
        type: 3}
      propertyPath: m_LocalRotation.x
      value: -0.7071068
      objectReference: {fileID: 0}
    - target: {fileID: -8679921383154817045, guid: 00936a65f4380984394ef9c015a8afdf,
        type: 3}
      propertyPath: m_LocalRotation.y
      value: -0
      objectReference: {fileID: 0}
    - target: {fileID: -8679921383154817045, guid: 00936a65f4380984394ef9c015a8afdf,
        type: 3}
      propertyPath: m_LocalRotation.z
      value: -0
      objectReference: {fileID: 0}
    - target: {fileID: -8679921383154817045, guid: 00936a65f4380984394ef9c015a8afdf,
        type: 3}
      propertyPath: m_LocalEulerAnglesHint.x
      value: 0
      objectReference: {fileID: 0}
    - target: {fileID: -8679921383154817045, guid: 00936a65f4380984394ef9c015a8afdf,
        type: 3}
      propertyPath: m_LocalEulerAnglesHint.y
      value: 0
      objectReference: {fileID: 0}
    - target: {fileID: -8679921383154817045, guid: 00936a65f4380984394ef9c015a8afdf,
        type: 3}
      propertyPath: m_LocalEulerAnglesHint.z
      value: 0
      objectReference: {fileID: 0}
    - target: {fileID: -7511558181221131132, guid: 00936a65f4380984394ef9c015a8afdf,
        type: 3}
      propertyPath: m_Materials.Array.data[0]
      value: 
      objectReference: {fileID: 2100000, guid: c323d19603f557649b1db8543e2a8f67, type: 2}
    - target: {fileID: 919132149155446097, guid: 00936a65f4380984394ef9c015a8afdf,
        type: 3}
      propertyPath: m_Name
      value: granulocyte (9)
      objectReference: {fileID: 0}
    - target: {fileID: 919132149155446097, guid: 00936a65f4380984394ef9c015a8afdf,
        type: 3}
      propertyPath: m_Layer
      value: 9
      objectReference: {fileID: 0}
    m_RemovedComponents: []
  m_SourcePrefab: {fileID: 100100000, guid: 00936a65f4380984394ef9c015a8afdf, type: 3}
--- !u!4 &4928267015252319693 stripped
Transform:
  m_CorrespondingSourceObject: {fileID: -8679921383154817045, guid: 00936a65f4380984394ef9c015a8afdf,
    type: 3}
  m_PrefabInstance: {fileID: 4894851770164902438}
  m_PrefabAsset: {fileID: 0}
--- !u!1001 &5458576745436658846
PrefabInstance:
  m_ObjectHideFlags: 0
  serializedVersion: 2
  m_Modification:
    m_TransformParent: {fileID: 7323190065426116904}
    m_Modifications:
    - target: {fileID: -8679921383154817045, guid: 40e7b3d9587a1e24db97ce2b5371a640,
        type: 3}
      propertyPath: m_RootOrder
      value: 0
      objectReference: {fileID: 0}
    - target: {fileID: -8679921383154817045, guid: 40e7b3d9587a1e24db97ce2b5371a640,
        type: 3}
      propertyPath: m_LocalScale.x
      value: 0.4431499
      objectReference: {fileID: 0}
    - target: {fileID: -8679921383154817045, guid: 40e7b3d9587a1e24db97ce2b5371a640,
        type: 3}
      propertyPath: m_LocalScale.y
      value: 0.44314992
      objectReference: {fileID: 0}
    - target: {fileID: -8679921383154817045, guid: 40e7b3d9587a1e24db97ce2b5371a640,
        type: 3}
      propertyPath: m_LocalScale.z
      value: 0.7630287
      objectReference: {fileID: 0}
    - target: {fileID: -8679921383154817045, guid: 40e7b3d9587a1e24db97ce2b5371a640,
        type: 3}
      propertyPath: m_LocalPosition.x
      value: -0.413
      objectReference: {fileID: 0}
    - target: {fileID: -8679921383154817045, guid: 40e7b3d9587a1e24db97ce2b5371a640,
        type: 3}
      propertyPath: m_LocalPosition.y
      value: 0.22300006
      objectReference: {fileID: 0}
    - target: {fileID: -8679921383154817045, guid: 40e7b3d9587a1e24db97ce2b5371a640,
        type: 3}
      propertyPath: m_LocalPosition.z
      value: 0.033000026
      objectReference: {fileID: 0}
    - target: {fileID: -8679921383154817045, guid: 40e7b3d9587a1e24db97ce2b5371a640,
        type: 3}
      propertyPath: m_LocalRotation.w
      value: 0.47156376
      objectReference: {fileID: 0}
    - target: {fileID: -8679921383154817045, guid: 40e7b3d9587a1e24db97ce2b5371a640,
        type: 3}
      propertyPath: m_LocalRotation.x
      value: 0.012452168
      objectReference: {fileID: 0}
    - target: {fileID: -8679921383154817045, guid: 40e7b3d9587a1e24db97ce2b5371a640,
        type: 3}
      propertyPath: m_LocalRotation.y
      value: -0.004829019
      objectReference: {fileID: 0}
    - target: {fileID: -8679921383154817045, guid: 40e7b3d9587a1e24db97ce2b5371a640,
        type: 3}
      propertyPath: m_LocalRotation.z
      value: 0.8817309
      objectReference: {fileID: 0}
    - target: {fileID: -8679921383154817045, guid: 40e7b3d9587a1e24db97ce2b5371a640,
        type: 3}
      propertyPath: m_LocalEulerAnglesHint.x
      value: 1.161
      objectReference: {fileID: 0}
    - target: {fileID: -8679921383154817045, guid: 40e7b3d9587a1e24db97ce2b5371a640,
        type: 3}
      propertyPath: m_LocalEulerAnglesHint.y
      value: 0.997
      objectReference: {fileID: 0}
    - target: {fileID: -8679921383154817045, guid: 40e7b3d9587a1e24db97ce2b5371a640,
        type: 3}
      propertyPath: m_LocalEulerAnglesHint.z
      value: 123.733
      objectReference: {fileID: 0}
    - target: {fileID: -7511558181221131132, guid: 40e7b3d9587a1e24db97ce2b5371a640,
        type: 3}
      propertyPath: m_Materials.Array.data[0]
      value: 
      objectReference: {fileID: 2100000, guid: 4293832546329c64f95f09a4b6d2399b, type: 2}
    - target: {fileID: 919132149155446097, guid: 40e7b3d9587a1e24db97ce2b5371a640,
        type: 3}
      propertyPath: m_Name
      value: neutrophile
      objectReference: {fileID: 0}
    - target: {fileID: 919132149155446097, guid: 40e7b3d9587a1e24db97ce2b5371a640,
        type: 3}
      propertyPath: m_Layer
      value: 9
      objectReference: {fileID: 0}
    m_RemovedComponents: []
  m_SourcePrefab: {fileID: 100100000, guid: 40e7b3d9587a1e24db97ce2b5371a640, type: 3}
--- !u!4 &5497342481798847349 stripped
Transform:
  m_CorrespondingSourceObject: {fileID: -8679921383154817045, guid: 40e7b3d9587a1e24db97ce2b5371a640,
    type: 3}
  m_PrefabInstance: {fileID: 5458576745436658846}
  m_PrefabAsset: {fileID: 0}
--- !u!1001 &6356021981646558363
PrefabInstance:
  m_ObjectHideFlags: 0
  serializedVersion: 2
  m_Modification:
    m_TransformParent: {fileID: 7323190065426116904}
    m_Modifications:
    - target: {fileID: -8679921383154817045, guid: 00936a65f4380984394ef9c015a8afdf,
        type: 3}
      propertyPath: m_RootOrder
      value: 12
      objectReference: {fileID: 0}
    - target: {fileID: -8679921383154817045, guid: 00936a65f4380984394ef9c015a8afdf,
        type: 3}
      propertyPath: m_LocalScale.x
      value: 0.12893769
      objectReference: {fileID: 0}
    - target: {fileID: -8679921383154817045, guid: 00936a65f4380984394ef9c015a8afdf,
        type: 3}
      propertyPath: m_LocalScale.y
      value: 0.12893769
      objectReference: {fileID: 0}
    - target: {fileID: -8679921383154817045, guid: 00936a65f4380984394ef9c015a8afdf,
        type: 3}
      propertyPath: m_LocalScale.z
      value: 0.12893769
      objectReference: {fileID: 0}
    - target: {fileID: -8679921383154817045, guid: 00936a65f4380984394ef9c015a8afdf,
        type: 3}
      propertyPath: m_LocalPosition.x
      value: 0.366
      objectReference: {fileID: 0}
    - target: {fileID: -8679921383154817045, guid: 00936a65f4380984394ef9c015a8afdf,
        type: 3}
      propertyPath: m_LocalPosition.y
      value: -0.3910001
      objectReference: {fileID: 0}
    - target: {fileID: -8679921383154817045, guid: 00936a65f4380984394ef9c015a8afdf,
        type: 3}
      propertyPath: m_LocalPosition.z
      value: -0.5330001
      objectReference: {fileID: 0}
    - target: {fileID: -8679921383154817045, guid: 00936a65f4380984394ef9c015a8afdf,
        type: 3}
      propertyPath: m_LocalRotation.w
      value: 0.7071068
      objectReference: {fileID: 0}
    - target: {fileID: -8679921383154817045, guid: 00936a65f4380984394ef9c015a8afdf,
        type: 3}
      propertyPath: m_LocalRotation.x
      value: -0.7071068
      objectReference: {fileID: 0}
    - target: {fileID: -8679921383154817045, guid: 00936a65f4380984394ef9c015a8afdf,
        type: 3}
      propertyPath: m_LocalRotation.y
      value: -0
      objectReference: {fileID: 0}
    - target: {fileID: -8679921383154817045, guid: 00936a65f4380984394ef9c015a8afdf,
        type: 3}
      propertyPath: m_LocalRotation.z
      value: -0
      objectReference: {fileID: 0}
    - target: {fileID: -8679921383154817045, guid: 00936a65f4380984394ef9c015a8afdf,
        type: 3}
      propertyPath: m_LocalEulerAnglesHint.x
      value: 0
      objectReference: {fileID: 0}
    - target: {fileID: -8679921383154817045, guid: 00936a65f4380984394ef9c015a8afdf,
        type: 3}
      propertyPath: m_LocalEulerAnglesHint.y
      value: 0
      objectReference: {fileID: 0}
    - target: {fileID: -8679921383154817045, guid: 00936a65f4380984394ef9c015a8afdf,
        type: 3}
      propertyPath: m_LocalEulerAnglesHint.z
      value: 0
      objectReference: {fileID: 0}
    - target: {fileID: -7511558181221131132, guid: 00936a65f4380984394ef9c015a8afdf,
        type: 3}
      propertyPath: m_Materials.Array.data[0]
      value: 
      objectReference: {fileID: 2100000, guid: c323d19603f557649b1db8543e2a8f67, type: 2}
    - target: {fileID: 919132149155446097, guid: 00936a65f4380984394ef9c015a8afdf,
        type: 3}
      propertyPath: m_Name
      value: granulocyte (12)
      objectReference: {fileID: 0}
    - target: {fileID: 919132149155446097, guid: 00936a65f4380984394ef9c015a8afdf,
        type: 3}
      propertyPath: m_Layer
      value: 9
      objectReference: {fileID: 0}
    m_RemovedComponents: []
  m_SourcePrefab: {fileID: 100100000, guid: 00936a65f4380984394ef9c015a8afdf, type: 3}
--- !u!4 &6899401570260317040 stripped
Transform:
  m_CorrespondingSourceObject: {fileID: -8679921383154817045, guid: 00936a65f4380984394ef9c015a8afdf,
    type: 3}
  m_PrefabInstance: {fileID: 6356021981646558363}
  m_PrefabAsset: {fileID: 0}
--- !u!1001 &7017556473654130010
PrefabInstance:
  m_ObjectHideFlags: 0
  serializedVersion: 2
  m_Modification:
    m_TransformParent: {fileID: 7323190065426116904}
    m_Modifications:
    - target: {fileID: -8679921383154817045, guid: 00936a65f4380984394ef9c015a8afdf,
        type: 3}
      propertyPath: m_RootOrder
      value: 4
      objectReference: {fileID: 0}
    - target: {fileID: -8679921383154817045, guid: 00936a65f4380984394ef9c015a8afdf,
        type: 3}
      propertyPath: m_LocalScale.x
      value: 0.12893769
      objectReference: {fileID: 0}
    - target: {fileID: -8679921383154817045, guid: 00936a65f4380984394ef9c015a8afdf,
        type: 3}
      propertyPath: m_LocalScale.y
      value: 0.12893769
      objectReference: {fileID: 0}
    - target: {fileID: -8679921383154817045, guid: 00936a65f4380984394ef9c015a8afdf,
        type: 3}
      propertyPath: m_LocalScale.z
      value: 0.12893769
      objectReference: {fileID: 0}
    - target: {fileID: -8679921383154817045, guid: 00936a65f4380984394ef9c015a8afdf,
        type: 3}
      propertyPath: m_LocalPosition.x
      value: -0.018
      objectReference: {fileID: 0}
    - target: {fileID: -8679921383154817045, guid: 00936a65f4380984394ef9c015a8afdf,
        type: 3}
      propertyPath: m_LocalPosition.y
      value: 0.24900009
      objectReference: {fileID: 0}
    - target: {fileID: -8679921383154817045, guid: 00936a65f4380984394ef9c015a8afdf,
        type: 3}
      propertyPath: m_LocalPosition.z
      value: 0.3550001
      objectReference: {fileID: 0}
    - target: {fileID: -8679921383154817045, guid: 00936a65f4380984394ef9c015a8afdf,
        type: 3}
      propertyPath: m_LocalRotation.w
      value: 0.7071068
      objectReference: {fileID: 0}
    - target: {fileID: -8679921383154817045, guid: 00936a65f4380984394ef9c015a8afdf,
        type: 3}
      propertyPath: m_LocalRotation.x
      value: -0.7071068
      objectReference: {fileID: 0}
    - target: {fileID: -8679921383154817045, guid: 00936a65f4380984394ef9c015a8afdf,
        type: 3}
      propertyPath: m_LocalRotation.y
      value: -0
      objectReference: {fileID: 0}
    - target: {fileID: -8679921383154817045, guid: 00936a65f4380984394ef9c015a8afdf,
        type: 3}
      propertyPath: m_LocalRotation.z
      value: -0
      objectReference: {fileID: 0}
    - target: {fileID: -8679921383154817045, guid: 00936a65f4380984394ef9c015a8afdf,
        type: 3}
      propertyPath: m_LocalEulerAnglesHint.x
      value: 0
      objectReference: {fileID: 0}
    - target: {fileID: -8679921383154817045, guid: 00936a65f4380984394ef9c015a8afdf,
        type: 3}
      propertyPath: m_LocalEulerAnglesHint.y
      value: 0
      objectReference: {fileID: 0}
    - target: {fileID: -8679921383154817045, guid: 00936a65f4380984394ef9c015a8afdf,
        type: 3}
      propertyPath: m_LocalEulerAnglesHint.z
      value: 0
      objectReference: {fileID: 0}
    - target: {fileID: -7511558181221131132, guid: 00936a65f4380984394ef9c015a8afdf,
        type: 3}
      propertyPath: m_Materials.Array.data[0]
      value: 
      objectReference: {fileID: 2100000, guid: c323d19603f557649b1db8543e2a8f67, type: 2}
    - target: {fileID: 919132149155446097, guid: 00936a65f4380984394ef9c015a8afdf,
        type: 3}
      propertyPath: m_Name
      value: granulocyte (4)
      objectReference: {fileID: 0}
    - target: {fileID: 919132149155446097, guid: 00936a65f4380984394ef9c015a8afdf,
        type: 3}
      propertyPath: m_Layer
      value: 9
      objectReference: {fileID: 0}
    m_RemovedComponents: []
  m_SourcePrefab: {fileID: 100100000, guid: 00936a65f4380984394ef9c015a8afdf, type: 3}
--- !u!4 &7415712333954601649 stripped
Transform:
  m_CorrespondingSourceObject: {fileID: -8679921383154817045, guid: 00936a65f4380984394ef9c015a8afdf,
    type: 3}
  m_PrefabInstance: {fileID: 7017556473654130010}
  m_PrefabAsset: {fileID: 0}
--- !u!1001 &7078966904127783867
PrefabInstance:
  m_ObjectHideFlags: 0
  serializedVersion: 2
  m_Modification:
    m_TransformParent: {fileID: 7323190065426116904}
    m_Modifications:
    - target: {fileID: -8679921383154817045, guid: 00936a65f4380984394ef9c015a8afdf,
        type: 3}
      propertyPath: m_RootOrder
      value: 2
      objectReference: {fileID: 0}
    - target: {fileID: -8679921383154817045, guid: 00936a65f4380984394ef9c015a8afdf,
        type: 3}
      propertyPath: m_LocalScale.x
      value: 0.12893769
      objectReference: {fileID: 0}
    - target: {fileID: -8679921383154817045, guid: 00936a65f4380984394ef9c015a8afdf,
        type: 3}
      propertyPath: m_LocalScale.y
      value: 0.12893769
      objectReference: {fileID: 0}
    - target: {fileID: -8679921383154817045, guid: 00936a65f4380984394ef9c015a8afdf,
        type: 3}
      propertyPath: m_LocalScale.z
      value: 0.12893769
      objectReference: {fileID: 0}
    - target: {fileID: -8679921383154817045, guid: 00936a65f4380984394ef9c015a8afdf,
        type: 3}
      propertyPath: m_LocalPosition.x
      value: 0.111
      objectReference: {fileID: 0}
    - target: {fileID: -8679921383154817045, guid: 00936a65f4380984394ef9c015a8afdf,
        type: 3}
      propertyPath: m_LocalPosition.y
      value: 0.12400003
      objectReference: {fileID: 0}
    - target: {fileID: -8679921383154817045, guid: 00936a65f4380984394ef9c015a8afdf,
        type: 3}
      propertyPath: m_LocalPosition.z
      value: -0.21900006
      objectReference: {fileID: 0}
    - target: {fileID: -8679921383154817045, guid: 00936a65f4380984394ef9c015a8afdf,
        type: 3}
      propertyPath: m_LocalRotation.w
      value: 0.7071068
      objectReference: {fileID: 0}
    - target: {fileID: -8679921383154817045, guid: 00936a65f4380984394ef9c015a8afdf,
        type: 3}
      propertyPath: m_LocalRotation.x
      value: -0.7071068
      objectReference: {fileID: 0}
    - target: {fileID: -8679921383154817045, guid: 00936a65f4380984394ef9c015a8afdf,
        type: 3}
      propertyPath: m_LocalRotation.y
      value: -0
      objectReference: {fileID: 0}
    - target: {fileID: -8679921383154817045, guid: 00936a65f4380984394ef9c015a8afdf,
        type: 3}
      propertyPath: m_LocalRotation.z
      value: -0
      objectReference: {fileID: 0}
    - target: {fileID: -8679921383154817045, guid: 00936a65f4380984394ef9c015a8afdf,
        type: 3}
      propertyPath: m_LocalEulerAnglesHint.x
      value: 0
      objectReference: {fileID: 0}
    - target: {fileID: -8679921383154817045, guid: 00936a65f4380984394ef9c015a8afdf,
        type: 3}
      propertyPath: m_LocalEulerAnglesHint.y
      value: 0
      objectReference: {fileID: 0}
    - target: {fileID: -8679921383154817045, guid: 00936a65f4380984394ef9c015a8afdf,
        type: 3}
      propertyPath: m_LocalEulerAnglesHint.z
      value: 0
      objectReference: {fileID: 0}
    - target: {fileID: -7511558181221131132, guid: 00936a65f4380984394ef9c015a8afdf,
        type: 3}
      propertyPath: m_Materials.Array.data[0]
      value: 
      objectReference: {fileID: 2100000, guid: c323d19603f557649b1db8543e2a8f67, type: 2}
    - target: {fileID: 919132149155446097, guid: 00936a65f4380984394ef9c015a8afdf,
        type: 3}
      propertyPath: m_Name
      value: granulocyte (2)
      objectReference: {fileID: 0}
    - target: {fileID: 919132149155446097, guid: 00936a65f4380984394ef9c015a8afdf,
        type: 3}
      propertyPath: m_Layer
      value: 9
      objectReference: {fileID: 0}
    m_RemovedComponents: []
  m_SourcePrefab: {fileID: 100100000, guid: 00936a65f4380984394ef9c015a8afdf, type: 3}
--- !u!4 &7329383654280782928 stripped
Transform:
  m_CorrespondingSourceObject: {fileID: -8679921383154817045, guid: 00936a65f4380984394ef9c015a8afdf,
    type: 3}
  m_PrefabInstance: {fileID: 7078966904127783867}
  m_PrefabAsset: {fileID: 0}
--- !u!1001 &8396717219076512703
PrefabInstance:
  m_ObjectHideFlags: 0
  serializedVersion: 2
  m_Modification:
    m_TransformParent: {fileID: 7323190065426116904}
    m_Modifications:
    - target: {fileID: -8679921383154817045, guid: 00936a65f4380984394ef9c015a8afdf,
        type: 3}
      propertyPath: m_RootOrder
      value: 11
      objectReference: {fileID: 0}
    - target: {fileID: -8679921383154817045, guid: 00936a65f4380984394ef9c015a8afdf,
        type: 3}
      propertyPath: m_LocalScale.x
      value: 0.12893769
      objectReference: {fileID: 0}
    - target: {fileID: -8679921383154817045, guid: 00936a65f4380984394ef9c015a8afdf,
        type: 3}
      propertyPath: m_LocalScale.y
      value: 0.12893769
      objectReference: {fileID: 0}
    - target: {fileID: -8679921383154817045, guid: 00936a65f4380984394ef9c015a8afdf,
        type: 3}
      propertyPath: m_LocalScale.z
      value: 0.12893769
      objectReference: {fileID: 0}
    - target: {fileID: -8679921383154817045, guid: 00936a65f4380984394ef9c015a8afdf,
        type: 3}
      propertyPath: m_LocalPosition.x
      value: 0.185
      objectReference: {fileID: 0}
    - target: {fileID: -8679921383154817045, guid: 00936a65f4380984394ef9c015a8afdf,
        type: 3}
      propertyPath: m_LocalPosition.y
      value: 0.57300013
      objectReference: {fileID: 0}
    - target: {fileID: -8679921383154817045, guid: 00936a65f4380984394ef9c015a8afdf,
        type: 3}
      propertyPath: m_LocalPosition.z
      value: -0.034000013
      objectReference: {fileID: 0}
    - target: {fileID: -8679921383154817045, guid: 00936a65f4380984394ef9c015a8afdf,
        type: 3}
      propertyPath: m_LocalRotation.w
      value: 0.7071068
      objectReference: {fileID: 0}
    - target: {fileID: -8679921383154817045, guid: 00936a65f4380984394ef9c015a8afdf,
        type: 3}
      propertyPath: m_LocalRotation.x
      value: -0.7071068
      objectReference: {fileID: 0}
    - target: {fileID: -8679921383154817045, guid: 00936a65f4380984394ef9c015a8afdf,
        type: 3}
      propertyPath: m_LocalRotation.y
      value: -0
      objectReference: {fileID: 0}
    - target: {fileID: -8679921383154817045, guid: 00936a65f4380984394ef9c015a8afdf,
        type: 3}
      propertyPath: m_LocalRotation.z
      value: -0
      objectReference: {fileID: 0}
    - target: {fileID: -8679921383154817045, guid: 00936a65f4380984394ef9c015a8afdf,
        type: 3}
      propertyPath: m_LocalEulerAnglesHint.x
      value: 0
      objectReference: {fileID: 0}
    - target: {fileID: -8679921383154817045, guid: 00936a65f4380984394ef9c015a8afdf,
        type: 3}
      propertyPath: m_LocalEulerAnglesHint.y
      value: 0
      objectReference: {fileID: 0}
    - target: {fileID: -8679921383154817045, guid: 00936a65f4380984394ef9c015a8afdf,
        type: 3}
      propertyPath: m_LocalEulerAnglesHint.z
      value: 0
      objectReference: {fileID: 0}
    - target: {fileID: -7511558181221131132, guid: 00936a65f4380984394ef9c015a8afdf,
        type: 3}
      propertyPath: m_Materials.Array.data[0]
      value: 
      objectReference: {fileID: 2100000, guid: c323d19603f557649b1db8543e2a8f67, type: 2}
    - target: {fileID: 919132149155446097, guid: 00936a65f4380984394ef9c015a8afdf,
        type: 3}
      propertyPath: m_Name
      value: granulocyte (11)
      objectReference: {fileID: 0}
    - target: {fileID: 919132149155446097, guid: 00936a65f4380984394ef9c015a8afdf,
        type: 3}
      propertyPath: m_Layer
      value: 9
      objectReference: {fileID: 0}
    m_RemovedComponents: []
  m_SourcePrefab: {fileID: 100100000, guid: 00936a65f4380984394ef9c015a8afdf, type: 3}
--- !u!4 &8290450369881537620 stripped
Transform:
  m_CorrespondingSourceObject: {fileID: -8679921383154817045, guid: 00936a65f4380984394ef9c015a8afdf,
    type: 3}
  m_PrefabInstance: {fileID: 8396717219076512703}
  m_PrefabAsset: {fileID: 0}
--- !u!1001 &9174863695999777042
PrefabInstance:
  m_ObjectHideFlags: 0
  serializedVersion: 2
  m_Modification:
    m_TransformParent: {fileID: 7323190065426116904}
    m_Modifications:
    - target: {fileID: -8679921383154817045, guid: 00936a65f4380984394ef9c015a8afdf,
        type: 3}
      propertyPath: m_RootOrder
      value: 5
      objectReference: {fileID: 0}
    - target: {fileID: -8679921383154817045, guid: 00936a65f4380984394ef9c015a8afdf,
        type: 3}
      propertyPath: m_LocalScale.x
      value: 0.12893769
      objectReference: {fileID: 0}
    - target: {fileID: -8679921383154817045, guid: 00936a65f4380984394ef9c015a8afdf,
        type: 3}
      propertyPath: m_LocalScale.y
      value: 0.12893769
      objectReference: {fileID: 0}
    - target: {fileID: -8679921383154817045, guid: 00936a65f4380984394ef9c015a8afdf,
        type: 3}
      propertyPath: m_LocalScale.z
      value: 0.12893769
      objectReference: {fileID: 0}
    - target: {fileID: -8679921383154817045, guid: 00936a65f4380984394ef9c015a8afdf,
        type: 3}
      propertyPath: m_LocalPosition.x
      value: -0.018
      objectReference: {fileID: 0}
    - target: {fileID: -8679921383154817045, guid: 00936a65f4380984394ef9c015a8afdf,
        type: 3}
      propertyPath: m_LocalPosition.y
      value: -0.63100004
      objectReference: {fileID: 0}
    - target: {fileID: -8679921383154817045, guid: 00936a65f4380984394ef9c015a8afdf,
        type: 3}
      propertyPath: m_LocalPosition.z
      value: 0.2520001
      objectReference: {fileID: 0}
    - target: {fileID: -8679921383154817045, guid: 00936a65f4380984394ef9c015a8afdf,
        type: 3}
      propertyPath: m_LocalRotation.w
      value: 0.7071068
      objectReference: {fileID: 0}
    - target: {fileID: -8679921383154817045, guid: 00936a65f4380984394ef9c015a8afdf,
        type: 3}
      propertyPath: m_LocalRotation.x
      value: -0.7071068
      objectReference: {fileID: 0}
    - target: {fileID: -8679921383154817045, guid: 00936a65f4380984394ef9c015a8afdf,
        type: 3}
      propertyPath: m_LocalRotation.y
      value: -0
      objectReference: {fileID: 0}
    - target: {fileID: -8679921383154817045, guid: 00936a65f4380984394ef9c015a8afdf,
        type: 3}
      propertyPath: m_LocalRotation.z
      value: -0
      objectReference: {fileID: 0}
    - target: {fileID: -8679921383154817045, guid: 00936a65f4380984394ef9c015a8afdf,
        type: 3}
      propertyPath: m_LocalEulerAnglesHint.x
      value: 0
      objectReference: {fileID: 0}
    - target: {fileID: -8679921383154817045, guid: 00936a65f4380984394ef9c015a8afdf,
        type: 3}
      propertyPath: m_LocalEulerAnglesHint.y
      value: 0
      objectReference: {fileID: 0}
    - target: {fileID: -8679921383154817045, guid: 00936a65f4380984394ef9c015a8afdf,
        type: 3}
      propertyPath: m_LocalEulerAnglesHint.z
      value: 0
      objectReference: {fileID: 0}
    - target: {fileID: -7511558181221131132, guid: 00936a65f4380984394ef9c015a8afdf,
        type: 3}
      propertyPath: m_Materials.Array.data[0]
      value: 
      objectReference: {fileID: 2100000, guid: c323d19603f557649b1db8543e2a8f67, type: 2}
    - target: {fileID: 919132149155446097, guid: 00936a65f4380984394ef9c015a8afdf,
        type: 3}
      propertyPath: m_Name
      value: granulocyte (5)
      objectReference: {fileID: 0}
    - target: {fileID: 919132149155446097, guid: 00936a65f4380984394ef9c015a8afdf,
        type: 3}
      propertyPath: m_Layer
      value: 9
      objectReference: {fileID: 0}
    m_RemovedComponents: []
  m_SourcePrefab: {fileID: 100100000, guid: 00936a65f4380984394ef9c015a8afdf, type: 3}
--- !u!4 &8708009594016554745 stripped
Transform:
  m_CorrespondingSourceObject: {fileID: -8679921383154817045, guid: 00936a65f4380984394ef9c015a8afdf,
    type: 3}
  m_PrefabInstance: {fileID: 9174863695999777042}
  m_PrefabAsset: {fileID: 0}
