%YAML 1.1
%TAG !u! tag:unity3d.com,2011:
--- !u!1 &1882345027380915555
GameObject:
  m_ObjectHideFlags: 0
  m_CorrespondingSourceObject: {fileID: 0}
  m_PrefabInstance: {fileID: 0}
  m_PrefabAsset: {fileID: 0}
  serializedVersion: 6
  m_Component:
  - component: {fileID: 1127042339096079520}
  m_Layer: 0
  m_Name: Obstacles
  m_TagString: Untagged
  m_Icon: {fileID: 0}
  m_NavMeshLayer: 0
  m_StaticEditorFlags: 0
  m_IsActive: 1
--- !u!4 &1127042339096079520
Transform:
  m_ObjectHideFlags: 0
  m_CorrespondingSourceObject: {fileID: 0}
  m_PrefabInstance: {fileID: 0}
  m_PrefabAsset: {fileID: 0}
  m_GameObject: {fileID: 1882345027380915555}
  m_LocalRotation: {x: 0, y: 0, z: 0, w: 1}
  m_LocalPosition: {x: 0, y: 0, z: 0}
  m_LocalScale: {x: 1, y: 1, z: 1}
  m_ConstrainProportionsScale: 0
  m_Children:
  - {fileID: 8493627679251602258}
  - {fileID: 1487226513636752479}
  - {fileID: 6467899909171280510}
  - {fileID: 195032454773584822}
  - {fileID: 3445343969907118120}
  - {fileID: 2978850849795988488}
  - {fileID: 8575602763914173587}
  - {fileID: 8538878374895825087}
  m_Father: {fileID: 6131459148536866152}
  m_RootOrder: 5
  m_LocalEulerAnglesHint: {x: 0, y: 0, z: 0}
--- !u!1 &6131459148536866159
GameObject:
  m_ObjectHideFlags: 0
  m_CorrespondingSourceObject: {fileID: 0}
  m_PrefabInstance: {fileID: 0}
  m_PrefabAsset: {fileID: 0}
  serializedVersion: 6
  m_Component:
  - component: {fileID: 6131459148536866152}
  - component: {fileID: 7356268319762278349}
  m_Layer: 0
  m_Name: 2 Boss 2
  m_TagString: Untagged
  m_Icon: {fileID: 0}
  m_NavMeshLayer: 0
  m_StaticEditorFlags: 0
  m_IsActive: 1
--- !u!4 &6131459148536866152
Transform:
  m_ObjectHideFlags: 0
  m_CorrespondingSourceObject: {fileID: 0}
  m_PrefabInstance: {fileID: 0}
  m_PrefabAsset: {fileID: 0}
  m_GameObject: {fileID: 6131459148536866159}
  m_LocalRotation: {x: 0, y: 0, z: 0, w: 1}
  m_LocalPosition: {x: 0, y: 0, z: 0}
  m_LocalScale: {x: 1, y: 1, z: 1}
  m_ConstrainProportionsScale: 0
  m_Children:
  - {fileID: 6072454340042583747}
  - {fileID: 5814028624934606671}
  - {fileID: 2818875684487383627}
  - {fileID: 4098610959400802967}
  - {fileID: 943091968290878071}
  - {fileID: 1127042339096079520}
  m_Father: {fileID: 0}
  m_RootOrder: 0
  m_LocalEulerAnglesHint: {x: 0, y: 0, z: 0}
--- !u!114 &7356268319762278349
MonoBehaviour:
  m_ObjectHideFlags: 0
  m_CorrespondingSourceObject: {fileID: 0}
  m_PrefabInstance: {fileID: 0}
  m_PrefabAsset: {fileID: 0}
  m_GameObject: {fileID: 6131459148536866159}
  m_Enabled: 1
  m_EditorHideFlags: 0
  m_Script: {fileID: 11500000, guid: 18e07c1978fc1d94fa49159cf05a531a, type: 3}
  m_Name: 
  m_EditorClassIdentifier: 
  sso: {fileID: 11400000, guid: 229c84c38d8ce754d9c0f94a85db7858, type: 2}
--- !u!1 &7007142861736293737
GameObject:
  m_ObjectHideFlags: 0
  m_CorrespondingSourceObject: {fileID: 0}
  m_PrefabInstance: {fileID: 0}
  m_PrefabAsset: {fileID: 0}
  serializedVersion: 6
  m_Component:
  - component: {fileID: 5814028624934606671}
  m_Layer: 0
  m_Name: Boosts
  m_TagString: Untagged
  m_Icon: {fileID: 0}
  m_NavMeshLayer: 0
  m_StaticEditorFlags: 0
  m_IsActive: 1
--- !u!4 &5814028624934606671
Transform:
  m_ObjectHideFlags: 0
  m_CorrespondingSourceObject: {fileID: 0}
  m_PrefabInstance: {fileID: 0}
  m_PrefabAsset: {fileID: 0}
  m_GameObject: {fileID: 7007142861736293737}
  m_LocalRotation: {x: 0, y: 0, z: 0, w: 1}
  m_LocalPosition: {x: 0, y: 0, z: 0}
  m_LocalScale: {x: 1, y: 1, z: 1}
  m_ConstrainProportionsScale: 0
  m_Children:
  - {fileID: 6555238630296077527}
  - {fileID: 8493780410338874855}
  - {fileID: 5506629428492058299}
  m_Father: {fileID: 6131459148536866152}
  m_RootOrder: 1
  m_LocalEulerAnglesHint: {x: 0, y: 0, z: 0}
--- !u!1001 &143517421656967142
PrefabInstance:
  m_ObjectHideFlags: 0
  serializedVersion: 2
  m_Modification:
    m_TransformParent: {fileID: 1127042339096079520}
    m_Modifications:
    - target: {fileID: 2251652758275448766, guid: d1e5028fee2ad324b8485413b5e42e3b,
        type: 3}
      propertyPath: m_Name
      value: VeinChunk1 (1)
      objectReference: {fileID: 0}
    - target: {fileID: 3327511703610496974, guid: d1e5028fee2ad324b8485413b5e42e3b,
        type: 3}
      propertyPath: m_RootOrder
      value: 4
      objectReference: {fileID: 0}
    - target: {fileID: 3327511703610496974, guid: d1e5028fee2ad324b8485413b5e42e3b,
        type: 3}
      propertyPath: m_LocalScale.x
      value: 2.7464848
      objectReference: {fileID: 0}
    - target: {fileID: 3327511703610496974, guid: d1e5028fee2ad324b8485413b5e42e3b,
        type: 3}
      propertyPath: m_LocalScale.y
      value: 2.3227086
      objectReference: {fileID: 0}
    - target: {fileID: 3327511703610496974, guid: d1e5028fee2ad324b8485413b5e42e3b,
        type: 3}
      propertyPath: m_LocalScale.z
      value: 5.0062885
      objectReference: {fileID: 0}
    - target: {fileID: 3327511703610496974, guid: d1e5028fee2ad324b8485413b5e42e3b,
        type: 3}
      propertyPath: m_LocalPosition.x
      value: 45.68
      objectReference: {fileID: 0}
    - target: {fileID: 3327511703610496974, guid: d1e5028fee2ad324b8485413b5e42e3b,
        type: 3}
      propertyPath: m_LocalPosition.y
      value: 9.57
      objectReference: {fileID: 0}
    - target: {fileID: 3327511703610496974, guid: d1e5028fee2ad324b8485413b5e42e3b,
        type: 3}
      propertyPath: m_LocalPosition.z
      value: 1.77
      objectReference: {fileID: 0}
    - target: {fileID: 3327511703610496974, guid: d1e5028fee2ad324b8485413b5e42e3b,
        type: 3}
      propertyPath: m_LocalRotation.w
      value: 0.000000104308114
      objectReference: {fileID: 0}
    - target: {fileID: 3327511703610496974, guid: d1e5028fee2ad324b8485413b5e42e3b,
        type: 3}
      propertyPath: m_LocalRotation.x
      value: -0
      objectReference: {fileID: 0}
    - target: {fileID: 3327511703610496974, guid: d1e5028fee2ad324b8485413b5e42e3b,
        type: 3}
      propertyPath: m_LocalRotation.y
      value: -0
      objectReference: {fileID: 0}
    - target: {fileID: 3327511703610496974, guid: d1e5028fee2ad324b8485413b5e42e3b,
        type: 3}
      propertyPath: m_LocalRotation.z
      value: 1
      objectReference: {fileID: 0}
    - target: {fileID: 3327511703610496974, guid: d1e5028fee2ad324b8485413b5e42e3b,
        type: 3}
      propertyPath: m_LocalEulerAnglesHint.x
      value: 0
      objectReference: {fileID: 0}
    - target: {fileID: 3327511703610496974, guid: d1e5028fee2ad324b8485413b5e42e3b,
        type: 3}
      propertyPath: m_LocalEulerAnglesHint.y
      value: 0
      objectReference: {fileID: 0}
    - target: {fileID: 3327511703610496974, guid: d1e5028fee2ad324b8485413b5e42e3b,
        type: 3}
      propertyPath: m_LocalEulerAnglesHint.z
      value: 180
      objectReference: {fileID: 0}
    m_RemovedComponents: []
  m_SourcePrefab: {fileID: 100100000, guid: d1e5028fee2ad324b8485413b5e42e3b, type: 3}
--- !u!4 &3445343969907118120 stripped
Transform:
  m_CorrespondingSourceObject: {fileID: 3327511703610496974, guid: d1e5028fee2ad324b8485413b5e42e3b,
    type: 3}
  m_PrefabInstance: {fileID: 143517421656967142}
  m_PrefabAsset: {fileID: 0}
--- !u!1001 &538940274544298950
PrefabInstance:
  m_ObjectHideFlags: 0
  serializedVersion: 2
  m_Modification:
    m_TransformParent: {fileID: 1127042339096079520}
    m_Modifications:
    - target: {fileID: 2251652758275448766, guid: d1e5028fee2ad324b8485413b5e42e3b,
        type: 3}
      propertyPath: m_Name
      value: VeinChunk1 (2)
      objectReference: {fileID: 0}
    - target: {fileID: 3327511703610496974, guid: d1e5028fee2ad324b8485413b5e42e3b,
        type: 3}
      propertyPath: m_RootOrder
      value: 5
      objectReference: {fileID: 0}
    - target: {fileID: 3327511703610496974, guid: d1e5028fee2ad324b8485413b5e42e3b,
        type: 3}
      propertyPath: m_LocalScale.x
      value: 4.122411
      objectReference: {fileID: 0}
    - target: {fileID: 3327511703610496974, guid: d1e5028fee2ad324b8485413b5e42e3b,
        type: 3}
      propertyPath: m_LocalScale.y
      value: 2.4061522
      objectReference: {fileID: 0}
    - target: {fileID: 3327511703610496974, guid: d1e5028fee2ad324b8485413b5e42e3b,
        type: 3}
      propertyPath: m_LocalScale.z
      value: 5.0062885
      objectReference: {fileID: 0}
    - target: {fileID: 3327511703610496974, guid: d1e5028fee2ad324b8485413b5e42e3b,
        type: 3}
      propertyPath: m_LocalPosition.x
      value: 62
      objectReference: {fileID: 0}
    - target: {fileID: 3327511703610496974, guid: d1e5028fee2ad324b8485413b5e42e3b,
        type: 3}
      propertyPath: m_LocalPosition.y
      value: 2.09
      objectReference: {fileID: 0}
    - target: {fileID: 3327511703610496974, guid: d1e5028fee2ad324b8485413b5e42e3b,
        type: 3}
      propertyPath: m_LocalPosition.z
      value: 1.77
      objectReference: {fileID: 0}
    - target: {fileID: 3327511703610496974, guid: d1e5028fee2ad324b8485413b5e42e3b,
        type: 3}
      propertyPath: m_LocalRotation.w
      value: 1
      objectReference: {fileID: 0}
    - target: {fileID: 3327511703610496974, guid: d1e5028fee2ad324b8485413b5e42e3b,
        type: 3}
      propertyPath: m_LocalRotation.x
      value: -0
      objectReference: {fileID: 0}
    - target: {fileID: 3327511703610496974, guid: d1e5028fee2ad324b8485413b5e42e3b,
        type: 3}
      propertyPath: m_LocalRotation.y
      value: -0
      objectReference: {fileID: 0}
    - target: {fileID: 3327511703610496974, guid: d1e5028fee2ad324b8485413b5e42e3b,
        type: 3}
      propertyPath: m_LocalRotation.z
      value: -0
      objectReference: {fileID: 0}
    - target: {fileID: 3327511703610496974, guid: d1e5028fee2ad324b8485413b5e42e3b,
        type: 3}
      propertyPath: m_LocalEulerAnglesHint.x
      value: 0
      objectReference: {fileID: 0}
    - target: {fileID: 3327511703610496974, guid: d1e5028fee2ad324b8485413b5e42e3b,
        type: 3}
      propertyPath: m_LocalEulerAnglesHint.y
      value: 0
      objectReference: {fileID: 0}
    - target: {fileID: 3327511703610496974, guid: d1e5028fee2ad324b8485413b5e42e3b,
        type: 3}
      propertyPath: m_LocalEulerAnglesHint.z
      value: 0
      objectReference: {fileID: 0}
    m_RemovedComponents: []
  m_SourcePrefab: {fileID: 100100000, guid: d1e5028fee2ad324b8485413b5e42e3b, type: 3}
--- !u!4 &2978850849795988488 stripped
Transform:
  m_CorrespondingSourceObject: {fileID: 3327511703610496974, guid: d1e5028fee2ad324b8485413b5e42e3b,
    type: 3}
  m_PrefabInstance: {fileID: 538940274544298950}
  m_PrefabAsset: {fileID: 0}
--- !u!1001 &569345836374738332
PrefabInstance:
  m_ObjectHideFlags: 0
  serializedVersion: 2
  m_Modification:
    m_TransformParent: {fileID: 1127042339096079520}
    m_Modifications:
    - target: {fileID: 2530663853056100966, guid: 3296c83d3bfff7843ae8424d1f4df4f6,
        type: 3}
      propertyPath: m_Name
      value: VeinChunk2 (2)
      objectReference: {fileID: 0}
    - target: {fileID: 4766356907221978876, guid: 3296c83d3bfff7843ae8424d1f4df4f6,
        type: 3}
      propertyPath: m_LocalPosition.x
      value: -0.159
      objectReference: {fileID: 0}
    - target: {fileID: 4766356907221978876, guid: 3296c83d3bfff7843ae8424d1f4df4f6,
        type: 3}
      propertyPath: m_LocalPosition.z
      value: -0.008
      objectReference: {fileID: 0}
    - target: {fileID: 6783584010663215074, guid: 3296c83d3bfff7843ae8424d1f4df4f6,
        type: 3}
      propertyPath: m_RootOrder
      value: 2
      objectReference: {fileID: 0}
    - target: {fileID: 6783584010663215074, guid: 3296c83d3bfff7843ae8424d1f4df4f6,
        type: 3}
      propertyPath: m_LocalScale.x
      value: 6.767006
      objectReference: {fileID: 0}
    - target: {fileID: 6783584010663215074, guid: 3296c83d3bfff7843ae8424d1f4df4f6,
        type: 3}
      propertyPath: m_LocalScale.y
      value: 3.2846222
      objectReference: {fileID: 0}
    - target: {fileID: 6783584010663215074, guid: 3296c83d3bfff7843ae8424d1f4df4f6,
        type: 3}
      propertyPath: m_LocalScale.z
      value: 3.5986
      objectReference: {fileID: 0}
    - target: {fileID: 6783584010663215074, guid: 3296c83d3bfff7843ae8424d1f4df4f6,
        type: 3}
      propertyPath: m_LocalPosition.x
      value: 96.48
      objectReference: {fileID: 0}
    - target: {fileID: 6783584010663215074, guid: 3296c83d3bfff7843ae8424d1f4df4f6,
        type: 3}
      propertyPath: m_LocalPosition.y
      value: 2.38
      objectReference: {fileID: 0}
    - target: {fileID: 6783584010663215074, guid: 3296c83d3bfff7843ae8424d1f4df4f6,
        type: 3}
      propertyPath: m_LocalPosition.z
      value: -0.517
      objectReference: {fileID: 0}
    - target: {fileID: 6783584010663215074, guid: 3296c83d3bfff7843ae8424d1f4df4f6,
        type: 3}
      propertyPath: m_LocalRotation.w
      value: 1
      objectReference: {fileID: 0}
    - target: {fileID: 6783584010663215074, guid: 3296c83d3bfff7843ae8424d1f4df4f6,
        type: 3}
      propertyPath: m_LocalRotation.x
      value: -0
      objectReference: {fileID: 0}
    - target: {fileID: 6783584010663215074, guid: 3296c83d3bfff7843ae8424d1f4df4f6,
        type: 3}
      propertyPath: m_LocalRotation.y
      value: -0
      objectReference: {fileID: 0}
    - target: {fileID: 6783584010663215074, guid: 3296c83d3bfff7843ae8424d1f4df4f6,
        type: 3}
      propertyPath: m_LocalRotation.z
      value: -0
      objectReference: {fileID: 0}
    - target: {fileID: 6783584010663215074, guid: 3296c83d3bfff7843ae8424d1f4df4f6,
        type: 3}
      propertyPath: m_LocalEulerAnglesHint.x
      value: 0
      objectReference: {fileID: 0}
    - target: {fileID: 6783584010663215074, guid: 3296c83d3bfff7843ae8424d1f4df4f6,
        type: 3}
      propertyPath: m_LocalEulerAnglesHint.y
      value: 0
      objectReference: {fileID: 0}
    - target: {fileID: 6783584010663215074, guid: 3296c83d3bfff7843ae8424d1f4df4f6,
        type: 3}
      propertyPath: m_LocalEulerAnglesHint.z
      value: 0
      objectReference: {fileID: 0}
    m_RemovedComponents: []
  m_SourcePrefab: {fileID: 100100000, guid: 3296c83d3bfff7843ae8424d1f4df4f6, type: 3}
--- !u!4 &6467899909171280510 stripped
Transform:
  m_CorrespondingSourceObject: {fileID: 6783584010663215074, guid: 3296c83d3bfff7843ae8424d1f4df4f6,
    type: 3}
  m_PrefabInstance: {fileID: 569345836374738332}
  m_PrefabAsset: {fileID: 0}
--- !u!1001 &1251729241338205217
PrefabInstance:
  m_ObjectHideFlags: 0
  serializedVersion: 2
  m_Modification:
    m_TransformParent: {fileID: 5814028624934606671}
    m_Modifications:
    - target: {fileID: 1977028642715744630, guid: 001282b94f3e6b64d882987e9ba1c14a,
        type: 3}
      propertyPath: m_Name
      value: HealingBoost
      objectReference: {fileID: 0}
    - target: {fileID: 1977028642715744630, guid: 001282b94f3e6b64d882987e9ba1c14a,
        type: 3}
      propertyPath: m_IsActive
      value: 1
      objectReference: {fileID: 0}
    - target: {fileID: 7242053574199689670, guid: 001282b94f3e6b64d882987e9ba1c14a,
        type: 3}
      propertyPath: m_RootOrder
      value: 1
      objectReference: {fileID: 0}
    - target: {fileID: 7242053574199689670, guid: 001282b94f3e6b64d882987e9ba1c14a,
        type: 3}
      propertyPath: m_LocalPosition.x
      value: 94.95
      objectReference: {fileID: 0}
    - target: {fileID: 7242053574199689670, guid: 001282b94f3e6b64d882987e9ba1c14a,
        type: 3}
      propertyPath: m_LocalPosition.y
      value: 7.59
      objectReference: {fileID: 0}
    - target: {fileID: 7242053574199689670, guid: 001282b94f3e6b64d882987e9ba1c14a,
        type: 3}
      propertyPath: m_LocalPosition.z
      value: 0
      objectReference: {fileID: 0}
    - target: {fileID: 7242053574199689670, guid: 001282b94f3e6b64d882987e9ba1c14a,
        type: 3}
      propertyPath: m_LocalRotation.w
      value: 1
      objectReference: {fileID: 0}
    - target: {fileID: 7242053574199689670, guid: 001282b94f3e6b64d882987e9ba1c14a,
        type: 3}
      propertyPath: m_LocalRotation.x
      value: 0
      objectReference: {fileID: 0}
    - target: {fileID: 7242053574199689670, guid: 001282b94f3e6b64d882987e9ba1c14a,
        type: 3}
      propertyPath: m_LocalRotation.y
      value: 0
      objectReference: {fileID: 0}
    - target: {fileID: 7242053574199689670, guid: 001282b94f3e6b64d882987e9ba1c14a,
        type: 3}
      propertyPath: m_LocalRotation.z
      value: 0
      objectReference: {fileID: 0}
    - target: {fileID: 7242053574199689670, guid: 001282b94f3e6b64d882987e9ba1c14a,
        type: 3}
      propertyPath: m_LocalEulerAnglesHint.x
      value: 0
      objectReference: {fileID: 0}
    - target: {fileID: 7242053574199689670, guid: 001282b94f3e6b64d882987e9ba1c14a,
        type: 3}
      propertyPath: m_LocalEulerAnglesHint.y
      value: 0
      objectReference: {fileID: 0}
    - target: {fileID: 7242053574199689670, guid: 001282b94f3e6b64d882987e9ba1c14a,
        type: 3}
      propertyPath: m_LocalEulerAnglesHint.z
      value: 0
      objectReference: {fileID: 0}
    m_RemovedComponents: []
  m_SourcePrefab: {fileID: 100100000, guid: 001282b94f3e6b64d882987e9ba1c14a, type: 3}
--- !u!4 &8493780410338874855 stripped
Transform:
  m_CorrespondingSourceObject: {fileID: 7242053574199689670, guid: 001282b94f3e6b64d882987e9ba1c14a,
    type: 3}
  m_PrefabInstance: {fileID: 1251729241338205217}
  m_PrefabAsset: {fileID: 0}
--- !u!1001 &2933229894037794745
PrefabInstance:
  m_ObjectHideFlags: 0
  serializedVersion: 2
  m_Modification:
    m_TransformParent: {fileID: 6131459148536866152}
    m_Modifications:
    - target: {fileID: 1177090969027638574, guid: 86b059c44f20bee4e8a3fffe85d7f533,
        type: 3}
      propertyPath: m_RootOrder
      value: 3
      objectReference: {fileID: 0}
    - target: {fileID: 1177090969027638574, guid: 86b059c44f20bee4e8a3fffe85d7f533,
        type: 3}
      propertyPath: m_LocalPosition.x
      value: 3.1
      objectReference: {fileID: 0}
    - target: {fileID: 1177090969027638574, guid: 86b059c44f20bee4e8a3fffe85d7f533,
        type: 3}
      propertyPath: m_LocalPosition.y
      value: 5.5
      objectReference: {fileID: 0}
    - target: {fileID: 1177090969027638574, guid: 86b059c44f20bee4e8a3fffe85d7f533,
        type: 3}
      propertyPath: m_LocalPosition.z
      value: 0
      objectReference: {fileID: 0}
    - target: {fileID: 1177090969027638574, guid: 86b059c44f20bee4e8a3fffe85d7f533,
        type: 3}
      propertyPath: m_LocalRotation.w
      value: 1
      objectReference: {fileID: 0}
    - target: {fileID: 1177090969027638574, guid: 86b059c44f20bee4e8a3fffe85d7f533,
        type: 3}
      propertyPath: m_LocalRotation.x
      value: -0
      objectReference: {fileID: 0}
    - target: {fileID: 1177090969027638574, guid: 86b059c44f20bee4e8a3fffe85d7f533,
        type: 3}
      propertyPath: m_LocalRotation.y
      value: -0
      objectReference: {fileID: 0}
    - target: {fileID: 1177090969027638574, guid: 86b059c44f20bee4e8a3fffe85d7f533,
        type: 3}
      propertyPath: m_LocalRotation.z
      value: -0
      objectReference: {fileID: 0}
    - target: {fileID: 1177090969027638574, guid: 86b059c44f20bee4e8a3fffe85d7f533,
        type: 3}
      propertyPath: m_LocalEulerAnglesHint.x
      value: 0
      objectReference: {fileID: 0}
    - target: {fileID: 1177090969027638574, guid: 86b059c44f20bee4e8a3fffe85d7f533,
        type: 3}
      propertyPath: m_LocalEulerAnglesHint.y
      value: 0
      objectReference: {fileID: 0}
    - target: {fileID: 1177090969027638574, guid: 86b059c44f20bee4e8a3fffe85d7f533,
        type: 3}
      propertyPath: m_LocalEulerAnglesHint.z
      value: 0
      objectReference: {fileID: 0}
    - target: {fileID: 1177090969027638575, guid: 86b059c44f20bee4e8a3fffe85d7f533,
        type: 3}
      propertyPath: m_Name
      value: BossTrigger
      objectReference: {fileID: 0}
    m_RemovedComponents: []
  m_SourcePrefab: {fileID: 100100000, guid: 86b059c44f20bee4e8a3fffe85d7f533, type: 3}
--- !u!4 &4098610959400802967 stripped
Transform:
  m_CorrespondingSourceObject: {fileID: 1177090969027638574, guid: 86b059c44f20bee4e8a3fffe85d7f533,
    type: 3}
  m_PrefabInstance: {fileID: 2933229894037794745}
  m_PrefabAsset: {fileID: 0}
--- !u!1001 &2948603287189749629
PrefabInstance:
  m_ObjectHideFlags: 0
  serializedVersion: 2
  m_Modification:
    m_TransformParent: {fileID: 5814028624934606671}
    m_Modifications:
    - target: {fileID: 1977028642715744630, guid: c81386597ff979844b402d12dd486dd6,
        type: 3}
      propertyPath: m_Name
      value: ShieldBoost
      objectReference: {fileID: 0}
    - target: {fileID: 7242053574199689670, guid: c81386597ff979844b402d12dd486dd6,
        type: 3}
      propertyPath: m_RootOrder
      value: 2
      objectReference: {fileID: 0}
    - target: {fileID: 7242053574199689670, guid: c81386597ff979844b402d12dd486dd6,
        type: 3}
      propertyPath: m_LocalPosition.x
      value: 3.23
      objectReference: {fileID: 0}
    - target: {fileID: 7242053574199689670, guid: c81386597ff979844b402d12dd486dd6,
        type: 3}
      propertyPath: m_LocalPosition.y
      value: 3.45
      objectReference: {fileID: 0}
    - target: {fileID: 7242053574199689670, guid: c81386597ff979844b402d12dd486dd6,
        type: 3}
      propertyPath: m_LocalPosition.z
      value: 0
      objectReference: {fileID: 0}
    - target: {fileID: 7242053574199689670, guid: c81386597ff979844b402d12dd486dd6,
        type: 3}
      propertyPath: m_LocalRotation.w
      value: 1
      objectReference: {fileID: 0}
    - target: {fileID: 7242053574199689670, guid: c81386597ff979844b402d12dd486dd6,
        type: 3}
      propertyPath: m_LocalRotation.x
      value: 0
      objectReference: {fileID: 0}
    - target: {fileID: 7242053574199689670, guid: c81386597ff979844b402d12dd486dd6,
        type: 3}
      propertyPath: m_LocalRotation.y
      value: 0
      objectReference: {fileID: 0}
    - target: {fileID: 7242053574199689670, guid: c81386597ff979844b402d12dd486dd6,
        type: 3}
      propertyPath: m_LocalRotation.z
      value: 0
      objectReference: {fileID: 0}
    - target: {fileID: 7242053574199689670, guid: c81386597ff979844b402d12dd486dd6,
        type: 3}
      propertyPath: m_LocalEulerAnglesHint.x
      value: 0
      objectReference: {fileID: 0}
    - target: {fileID: 7242053574199689670, guid: c81386597ff979844b402d12dd486dd6,
        type: 3}
      propertyPath: m_LocalEulerAnglesHint.y
      value: 0
      objectReference: {fileID: 0}
    - target: {fileID: 7242053574199689670, guid: c81386597ff979844b402d12dd486dd6,
        type: 3}
      propertyPath: m_LocalEulerAnglesHint.z
      value: 0
      objectReference: {fileID: 0}
    m_RemovedComponents: []
  m_SourcePrefab: {fileID: 100100000, guid: c81386597ff979844b402d12dd486dd6, type: 3}
--- !u!4 &5506629428492058299 stripped
Transform:
  m_CorrespondingSourceObject: {fileID: 7242053574199689670, guid: c81386597ff979844b402d12dd486dd6,
    type: 3}
  m_PrefabInstance: {fileID: 2948603287189749629}
  m_PrefabAsset: {fileID: 0}
--- !u!1001 &3169211326391002288
PrefabInstance:
  m_ObjectHideFlags: 0
  serializedVersion: 2
  m_Modification:
    m_TransformParent: {fileID: 1127042339096079520}
    m_Modifications:
    - target: {fileID: 2530663853056100966, guid: 3296c83d3bfff7843ae8424d1f4df4f6,
        type: 3}
      propertyPath: m_Name
      value: VeinChunk2
      objectReference: {fileID: 0}
    - target: {fileID: 6783584010663215074, guid: 3296c83d3bfff7843ae8424d1f4df4f6,
        type: 3}
      propertyPath: m_RootOrder
      value: 0
      objectReference: {fileID: 0}
    - target: {fileID: 6783584010663215074, guid: 3296c83d3bfff7843ae8424d1f4df4f6,
        type: 3}
      propertyPath: m_LocalScale.x
      value: 4.8068504
      objectReference: {fileID: 0}
    - target: {fileID: 6783584010663215074, guid: 3296c83d3bfff7843ae8424d1f4df4f6,
        type: 3}
      propertyPath: m_LocalScale.y
      value: 4.364742
      objectReference: {fileID: 0}
    - target: {fileID: 6783584010663215074, guid: 3296c83d3bfff7843ae8424d1f4df4f6,
        type: 3}
      propertyPath: m_LocalScale.z
      value: 3.5986
      objectReference: {fileID: 0}
    - target: {fileID: 6783584010663215074, guid: 3296c83d3bfff7843ae8424d1f4df4f6,
        type: 3}
      propertyPath: m_LocalPosition.x
      value: -3.22
      objectReference: {fileID: 0}
    - target: {fileID: 6783584010663215074, guid: 3296c83d3bfff7843ae8424d1f4df4f6,
        type: 3}
      propertyPath: m_LocalPosition.y
      value: 1.93
      objectReference: {fileID: 0}
    - target: {fileID: 6783584010663215074, guid: 3296c83d3bfff7843ae8424d1f4df4f6,
        type: 3}
      propertyPath: m_LocalPosition.z
      value: -0.549
      objectReference: {fileID: 0}
    - target: {fileID: 6783584010663215074, guid: 3296c83d3bfff7843ae8424d1f4df4f6,
        type: 3}
      propertyPath: m_LocalRotation.w
      value: 1
      objectReference: {fileID: 0}
    - target: {fileID: 6783584010663215074, guid: 3296c83d3bfff7843ae8424d1f4df4f6,
        type: 3}
      propertyPath: m_LocalRotation.x
      value: -0
      objectReference: {fileID: 0}
    - target: {fileID: 6783584010663215074, guid: 3296c83d3bfff7843ae8424d1f4df4f6,
        type: 3}
      propertyPath: m_LocalRotation.y
      value: -0
      objectReference: {fileID: 0}
    - target: {fileID: 6783584010663215074, guid: 3296c83d3bfff7843ae8424d1f4df4f6,
        type: 3}
      propertyPath: m_LocalRotation.z
      value: -0
      objectReference: {fileID: 0}
    - target: {fileID: 6783584010663215074, guid: 3296c83d3bfff7843ae8424d1f4df4f6,
        type: 3}
      propertyPath: m_LocalEulerAnglesHint.x
      value: 0
      objectReference: {fileID: 0}
    - target: {fileID: 6783584010663215074, guid: 3296c83d3bfff7843ae8424d1f4df4f6,
        type: 3}
      propertyPath: m_LocalEulerAnglesHint.y
      value: 0
      objectReference: {fileID: 0}
    - target: {fileID: 6783584010663215074, guid: 3296c83d3bfff7843ae8424d1f4df4f6,
        type: 3}
      propertyPath: m_LocalEulerAnglesHint.z
      value: 0
      objectReference: {fileID: 0}
    m_RemovedComponents: []
  m_SourcePrefab: {fileID: 100100000, guid: 3296c83d3bfff7843ae8424d1f4df4f6, type: 3}
--- !u!4 &8493627679251602258 stripped
Transform:
  m_CorrespondingSourceObject: {fileID: 6783584010663215074, guid: 3296c83d3bfff7843ae8424d1f4df4f6,
    type: 3}
  m_PrefabInstance: {fileID: 3169211326391002288}
  m_PrefabAsset: {fileID: 0}
--- !u!1001 &3213695158685738104
PrefabInstance:
  m_ObjectHideFlags: 0
  serializedVersion: 2
  m_Modification:
    m_TransformParent: {fileID: 1127042339096079520}
    m_Modifications:
    - target: {fileID: 2251652758275448766, guid: d1e5028fee2ad324b8485413b5e42e3b,
        type: 3}
      propertyPath: m_Name
      value: VeinChunk1
      objectReference: {fileID: 0}
    - target: {fileID: 3327511703610496974, guid: d1e5028fee2ad324b8485413b5e42e3b,
        type: 3}
      propertyPath: m_RootOrder
      value: 3
      objectReference: {fileID: 0}
    - target: {fileID: 3327511703610496974, guid: d1e5028fee2ad324b8485413b5e42e3b,
        type: 3}
      propertyPath: m_LocalScale.x
      value: 5.297169
      objectReference: {fileID: 0}
    - target: {fileID: 3327511703610496974, guid: d1e5028fee2ad324b8485413b5e42e3b,
        type: 3}
      propertyPath: m_LocalScale.y
      value: 3.2106001
      objectReference: {fileID: 0}
    - target: {fileID: 3327511703610496974, guid: d1e5028fee2ad324b8485413b5e42e3b,
        type: 3}
      propertyPath: m_LocalScale.z
      value: 5.0062885
      objectReference: {fileID: 0}
    - target: {fileID: 3327511703610496974, guid: d1e5028fee2ad324b8485413b5e42e3b,
        type: 3}
      propertyPath: m_LocalPosition.x
      value: 11.32
      objectReference: {fileID: 0}
    - target: {fileID: 3327511703610496974, guid: d1e5028fee2ad324b8485413b5e42e3b,
        type: 3}
      propertyPath: m_LocalPosition.y
      value: 10.08
      objectReference: {fileID: 0}
    - target: {fileID: 3327511703610496974, guid: d1e5028fee2ad324b8485413b5e42e3b,
        type: 3}
      propertyPath: m_LocalPosition.z
      value: 1.77
      objectReference: {fileID: 0}
    - target: {fileID: 3327511703610496974, guid: d1e5028fee2ad324b8485413b5e42e3b,
        type: 3}
      propertyPath: m_LocalRotation.w
      value: 1
      objectReference: {fileID: 0}
    - target: {fileID: 3327511703610496974, guid: d1e5028fee2ad324b8485413b5e42e3b,
        type: 3}
      propertyPath: m_LocalRotation.x
      value: -0
      objectReference: {fileID: 0}
    - target: {fileID: 3327511703610496974, guid: d1e5028fee2ad324b8485413b5e42e3b,
        type: 3}
      propertyPath: m_LocalRotation.y
      value: -0
      objectReference: {fileID: 0}
    - target: {fileID: 3327511703610496974, guid: d1e5028fee2ad324b8485413b5e42e3b,
        type: 3}
      propertyPath: m_LocalRotation.z
      value: -0
      objectReference: {fileID: 0}
    - target: {fileID: 3327511703610496974, guid: d1e5028fee2ad324b8485413b5e42e3b,
        type: 3}
      propertyPath: m_LocalEulerAnglesHint.x
      value: 0
      objectReference: {fileID: 0}
    - target: {fileID: 3327511703610496974, guid: d1e5028fee2ad324b8485413b5e42e3b,
        type: 3}
      propertyPath: m_LocalEulerAnglesHint.y
      value: 0
      objectReference: {fileID: 0}
    - target: {fileID: 3327511703610496974, guid: d1e5028fee2ad324b8485413b5e42e3b,
        type: 3}
      propertyPath: m_LocalEulerAnglesHint.z
      value: 0
      objectReference: {fileID: 0}
    m_RemovedComponents: []
  m_SourcePrefab: {fileID: 100100000, guid: d1e5028fee2ad324b8485413b5e42e3b, type: 3}
--- !u!4 &195032454773584822 stripped
Transform:
  m_CorrespondingSourceObject: {fileID: 3327511703610496974, guid: d1e5028fee2ad324b8485413b5e42e3b,
    type: 3}
  m_PrefabInstance: {fileID: 3213695158685738104}
  m_PrefabAsset: {fileID: 0}
--- !u!1001 &4340917685882478647
PrefabInstance:
  m_ObjectHideFlags: 0
  serializedVersion: 2
  m_Modification:
    m_TransformParent: {fileID: 6131459148536866152}
    m_Modifications:
    - target: {fileID: 1954740209474546300, guid: c00a5af01857d8c42bf1707c10e0a361,
        type: 3}
      propertyPath: m_RootOrder
      value: 2
      objectReference: {fileID: 0}
    - target: {fileID: 1954740209474546300, guid: c00a5af01857d8c42bf1707c10e0a361,
        type: 3}
      propertyPath: m_LocalPosition.x
      value: 80.5
      objectReference: {fileID: 0}
    - target: {fileID: 1954740209474546300, guid: c00a5af01857d8c42bf1707c10e0a361,
        type: 3}
      propertyPath: m_LocalPosition.y
      value: 5.5
      objectReference: {fileID: 0}
    - target: {fileID: 1954740209474546300, guid: c00a5af01857d8c42bf1707c10e0a361,
        type: 3}
      propertyPath: m_LocalPosition.z
      value: 0
      objectReference: {fileID: 0}
    - target: {fileID: 1954740209474546300, guid: c00a5af01857d8c42bf1707c10e0a361,
        type: 3}
      propertyPath: m_LocalRotation.w
      value: 1
      objectReference: {fileID: 0}
    - target: {fileID: 1954740209474546300, guid: c00a5af01857d8c42bf1707c10e0a361,
        type: 3}
      propertyPath: m_LocalRotation.x
      value: -0
      objectReference: {fileID: 0}
    - target: {fileID: 1954740209474546300, guid: c00a5af01857d8c42bf1707c10e0a361,
        type: 3}
      propertyPath: m_LocalRotation.y
      value: -0
      objectReference: {fileID: 0}
    - target: {fileID: 1954740209474546300, guid: c00a5af01857d8c42bf1707c10e0a361,
        type: 3}
      propertyPath: m_LocalRotation.z
      value: -0
      objectReference: {fileID: 0}
    - target: {fileID: 1954740209474546300, guid: c00a5af01857d8c42bf1707c10e0a361,
        type: 3}
      propertyPath: m_LocalEulerAnglesHint.x
      value: 0
      objectReference: {fileID: 0}
    - target: {fileID: 1954740209474546300, guid: c00a5af01857d8c42bf1707c10e0a361,
        type: 3}
      propertyPath: m_LocalEulerAnglesHint.y
      value: 0
      objectReference: {fileID: 0}
    - target: {fileID: 1954740209474546300, guid: c00a5af01857d8c42bf1707c10e0a361,
        type: 3}
      propertyPath: m_LocalEulerAnglesHint.z
      value: 0
      objectReference: {fileID: 0}
    - target: {fileID: 1954740209474546301, guid: c00a5af01857d8c42bf1707c10e0a361,
        type: 3}
      propertyPath: m_Name
      value: NewChunkTrigger
      objectReference: {fileID: 0}
    m_RemovedComponents: []
  m_SourcePrefab: {fileID: 100100000, guid: c00a5af01857d8c42bf1707c10e0a361, type: 3}
--- !u!4 &2818875684487383627 stripped
Transform:
  m_CorrespondingSourceObject: {fileID: 1954740209474546300, guid: c00a5af01857d8c42bf1707c10e0a361,
    type: 3}
  m_PrefabInstance: {fileID: 4340917685882478647}
  m_PrefabAsset: {fileID: 0}
--- !u!1001 &4501369365042693393
PrefabInstance:
  m_ObjectHideFlags: 0
  serializedVersion: 2
  m_Modification:
    m_TransformParent: {fileID: 5814028624934606671}
    m_Modifications:
    - target: {fileID: 1977028642715744630, guid: 0c4031a67440b9e478529b8057044ec8,
        type: 3}
      propertyPath: m_Name
      value: RandomBoost
      objectReference: {fileID: 0}
    - target: {fileID: 7242053574199689670, guid: 0c4031a67440b9e478529b8057044ec8,
        type: 3}
      propertyPath: m_RootOrder
      value: 0
      objectReference: {fileID: 0}
    - target: {fileID: 7242053574199689670, guid: 0c4031a67440b9e478529b8057044ec8,
        type: 3}
      propertyPath: m_LocalPosition.x
      value: 30.63
      objectReference: {fileID: 0}
    - target: {fileID: 7242053574199689670, guid: 0c4031a67440b9e478529b8057044ec8,
        type: 3}
      propertyPath: m_LocalPosition.y
      value: 7.59
      objectReference: {fileID: 0}
    - target: {fileID: 7242053574199689670, guid: 0c4031a67440b9e478529b8057044ec8,
        type: 3}
      propertyPath: m_LocalPosition.z
      value: 0
      objectReference: {fileID: 0}
    - target: {fileID: 7242053574199689670, guid: 0c4031a67440b9e478529b8057044ec8,
        type: 3}
      propertyPath: m_LocalRotation.w
      value: 1
      objectReference: {fileID: 0}
    - target: {fileID: 7242053574199689670, guid: 0c4031a67440b9e478529b8057044ec8,
        type: 3}
      propertyPath: m_LocalRotation.x
      value: -0
      objectReference: {fileID: 0}
    - target: {fileID: 7242053574199689670, guid: 0c4031a67440b9e478529b8057044ec8,
        type: 3}
      propertyPath: m_LocalRotation.y
      value: -0
      objectReference: {fileID: 0}
    - target: {fileID: 7242053574199689670, guid: 0c4031a67440b9e478529b8057044ec8,
        type: 3}
      propertyPath: m_LocalRotation.z
      value: -0
      objectReference: {fileID: 0}
    - target: {fileID: 7242053574199689670, guid: 0c4031a67440b9e478529b8057044ec8,
        type: 3}
      propertyPath: m_LocalEulerAnglesHint.x
      value: 0
      objectReference: {fileID: 0}
    - target: {fileID: 7242053574199689670, guid: 0c4031a67440b9e478529b8057044ec8,
        type: 3}
      propertyPath: m_LocalEulerAnglesHint.y
      value: 0
      objectReference: {fileID: 0}
    - target: {fileID: 7242053574199689670, guid: 0c4031a67440b9e478529b8057044ec8,
        type: 3}
      propertyPath: m_LocalEulerAnglesHint.z
      value: 0
      objectReference: {fileID: 0}
    m_RemovedComponents: []
  m_SourcePrefab: {fileID: 100100000, guid: 0c4031a67440b9e478529b8057044ec8, type: 3}
--- !u!4 &6555238630296077527 stripped
Transform:
  m_CorrespondingSourceObject: {fileID: 7242053574199689670, guid: 0c4031a67440b9e478529b8057044ec8,
    type: 3}
  m_PrefabInstance: {fileID: 4501369365042693393}
  m_PrefabAsset: {fileID: 0}
--- !u!1001 &5212679991057797947
PrefabInstance:
  m_ObjectHideFlags: 0
  serializedVersion: 2
  m_Modification:
    m_TransformParent: {fileID: 6131459148536866152}
    m_Modifications:
    - target: {fileID: 1045926894884850010, guid: 63f27e3b3050f994091ccf49624a6532,
        type: 3}
      propertyPath: m_Name
      value: Borders
      objectReference: {fileID: 0}
    - target: {fileID: 2022848344087150072, guid: 63f27e3b3050f994091ccf49624a6532,
        type: 3}
      propertyPath: m_RootOrder
      value: 0
      objectReference: {fileID: 0}
    - target: {fileID: 2022848344087150072, guid: 63f27e3b3050f994091ccf49624a6532,
        type: 3}
      propertyPath: m_LocalPosition.x
      value: 0
      objectReference: {fileID: 0}
    - target: {fileID: 2022848344087150072, guid: 63f27e3b3050f994091ccf49624a6532,
        type: 3}
      propertyPath: m_LocalPosition.y
      value: 0
      objectReference: {fileID: 0}
    - target: {fileID: 2022848344087150072, guid: 63f27e3b3050f994091ccf49624a6532,
        type: 3}
      propertyPath: m_LocalPosition.z
      value: 0
      objectReference: {fileID: 0}
    - target: {fileID: 2022848344087150072, guid: 63f27e3b3050f994091ccf49624a6532,
        type: 3}
      propertyPath: m_LocalRotation.w
      value: 1
      objectReference: {fileID: 0}
    - target: {fileID: 2022848344087150072, guid: 63f27e3b3050f994091ccf49624a6532,
        type: 3}
      propertyPath: m_LocalRotation.x
      value: 0
      objectReference: {fileID: 0}
    - target: {fileID: 2022848344087150072, guid: 63f27e3b3050f994091ccf49624a6532,
        type: 3}
      propertyPath: m_LocalRotation.y
      value: 0
      objectReference: {fileID: 0}
    - target: {fileID: 2022848344087150072, guid: 63f27e3b3050f994091ccf49624a6532,
        type: 3}
      propertyPath: m_LocalRotation.z
      value: 0
      objectReference: {fileID: 0}
    - target: {fileID: 2022848344087150072, guid: 63f27e3b3050f994091ccf49624a6532,
        type: 3}
      propertyPath: m_LocalEulerAnglesHint.x
      value: 0
      objectReference: {fileID: 0}
    - target: {fileID: 2022848344087150072, guid: 63f27e3b3050f994091ccf49624a6532,
        type: 3}
      propertyPath: m_LocalEulerAnglesHint.y
      value: 0
      objectReference: {fileID: 0}
    - target: {fileID: 2022848344087150072, guid: 63f27e3b3050f994091ccf49624a6532,
        type: 3}
      propertyPath: m_LocalEulerAnglesHint.z
      value: 0
      objectReference: {fileID: 0}
    m_RemovedComponents: []
  m_SourcePrefab: {fileID: 100100000, guid: 63f27e3b3050f994091ccf49624a6532, type: 3}
--- !u!4 &6072454340042583747 stripped
Transform:
  m_CorrespondingSourceObject: {fileID: 2022848344087150072, guid: 63f27e3b3050f994091ccf49624a6532,
    type: 3}
  m_PrefabInstance: {fileID: 5212679991057797947}
  m_PrefabAsset: {fileID: 0}
--- !u!1001 &5370420600416617405
PrefabInstance:
  m_ObjectHideFlags: 0
  serializedVersion: 2
  m_Modification:
    m_TransformParent: {fileID: 1127042339096079520}
    m_Modifications:
    - target: {fileID: 2530663853056100966, guid: 3296c83d3bfff7843ae8424d1f4df4f6,
        type: 3}
      propertyPath: m_Name
      value: VeinChunk2 (1)
      objectReference: {fileID: 0}
    - target: {fileID: 6783584010663215074, guid: 3296c83d3bfff7843ae8424d1f4df4f6,
        type: 3}
      propertyPath: m_RootOrder
      value: 1
      objectReference: {fileID: 0}
    - target: {fileID: 6783584010663215074, guid: 3296c83d3bfff7843ae8424d1f4df4f6,
        type: 3}
      propertyPath: m_LocalScale.x
      value: 5.847005
      objectReference: {fileID: 0}
    - target: {fileID: 6783584010663215074, guid: 3296c83d3bfff7843ae8424d1f4df4f6,
        type: 3}
      propertyPath: m_LocalScale.y
      value: 3.5986
      objectReference: {fileID: 0}
    - target: {fileID: 6783584010663215074, guid: 3296c83d3bfff7843ae8424d1f4df4f6,
        type: 3}
      propertyPath: m_LocalScale.z
      value: 3.5986
      objectReference: {fileID: 0}
    - target: {fileID: 6783584010663215074, guid: 3296c83d3bfff7843ae8424d1f4df4f6,
        type: 3}
      propertyPath: m_LocalPosition.x
      value: 30.4
      objectReference: {fileID: 0}
    - target: {fileID: 6783584010663215074, guid: 3296c83d3bfff7843ae8424d1f4df4f6,
        type: 3}
      propertyPath: m_LocalPosition.y
      value: 1.93
      objectReference: {fileID: 0}
    - target: {fileID: 6783584010663215074, guid: 3296c83d3bfff7843ae8424d1f4df4f6,
        type: 3}
      propertyPath: m_LocalPosition.z
      value: -0.549
      objectReference: {fileID: 0}
    - target: {fileID: 6783584010663215074, guid: 3296c83d3bfff7843ae8424d1f4df4f6,
        type: 3}
      propertyPath: m_LocalRotation.w
      value: 1
      objectReference: {fileID: 0}
    - target: {fileID: 6783584010663215074, guid: 3296c83d3bfff7843ae8424d1f4df4f6,
        type: 3}
      propertyPath: m_LocalRotation.x
      value: -0
      objectReference: {fileID: 0}
    - target: {fileID: 6783584010663215074, guid: 3296c83d3bfff7843ae8424d1f4df4f6,
        type: 3}
      propertyPath: m_LocalRotation.y
      value: -0
      objectReference: {fileID: 0}
    - target: {fileID: 6783584010663215074, guid: 3296c83d3bfff7843ae8424d1f4df4f6,
        type: 3}
      propertyPath: m_LocalRotation.z
      value: -0
      objectReference: {fileID: 0}
    - target: {fileID: 6783584010663215074, guid: 3296c83d3bfff7843ae8424d1f4df4f6,
        type: 3}
      propertyPath: m_LocalEulerAnglesHint.x
      value: 0
      objectReference: {fileID: 0}
    - target: {fileID: 6783584010663215074, guid: 3296c83d3bfff7843ae8424d1f4df4f6,
        type: 3}
      propertyPath: m_LocalEulerAnglesHint.y
      value: 0
      objectReference: {fileID: 0}
    - target: {fileID: 6783584010663215074, guid: 3296c83d3bfff7843ae8424d1f4df4f6,
        type: 3}
      propertyPath: m_LocalEulerAnglesHint.z
      value: 0
      objectReference: {fileID: 0}
    m_RemovedComponents: []
  m_SourcePrefab: {fileID: 100100000, guid: 3296c83d3bfff7843ae8424d1f4df4f6, type: 3}
--- !u!4 &1487226513636752479 stripped
Transform:
  m_CorrespondingSourceObject: {fileID: 6783584010663215074, guid: 3296c83d3bfff7843ae8424d1f4df4f6,
    type: 3}
  m_PrefabInstance: {fileID: 5370420600416617405}
  m_PrefabAsset: {fileID: 0}
--- !u!1001 &6168483551707541325
PrefabInstance:
  m_ObjectHideFlags: 0
  serializedVersion: 2
  m_Modification:
    m_TransformParent: {fileID: 6131459148536866152}
    m_Modifications:
    - target: {fileID: 6380565197091659066, guid: 8d66942903ae9834b9c1959762f9b48f,
        type: 3}
      propertyPath: m_RootOrder
      value: 4
      objectReference: {fileID: 0}
    - target: {fileID: 6380565197091659066, guid: 8d66942903ae9834b9c1959762f9b48f,
        type: 3}
      propertyPath: m_LocalPosition.x
      value: 34.4
      objectReference: {fileID: 0}
    - target: {fileID: 6380565197091659066, guid: 8d66942903ae9834b9c1959762f9b48f,
        type: 3}
      propertyPath: m_LocalPosition.y
      value: 5.7
      objectReference: {fileID: 0}
    - target: {fileID: 6380565197091659066, guid: 8d66942903ae9834b9c1959762f9b48f,
        type: 3}
      propertyPath: m_LocalPosition.z
      value: -0.46
      objectReference: {fileID: 0}
    - target: {fileID: 6380565197091659066, guid: 8d66942903ae9834b9c1959762f9b48f,
        type: 3}
      propertyPath: m_LocalRotation.w
      value: 1
      objectReference: {fileID: 0}
    - target: {fileID: 6380565197091659066, guid: 8d66942903ae9834b9c1959762f9b48f,
        type: 3}
      propertyPath: m_LocalRotation.x
      value: -0
      objectReference: {fileID: 0}
    - target: {fileID: 6380565197091659066, guid: 8d66942903ae9834b9c1959762f9b48f,
        type: 3}
      propertyPath: m_LocalRotation.y
      value: -0
      objectReference: {fileID: 0}
    - target: {fileID: 6380565197091659066, guid: 8d66942903ae9834b9c1959762f9b48f,
        type: 3}
      propertyPath: m_LocalRotation.z
      value: -0
      objectReference: {fileID: 0}
    - target: {fileID: 6380565197091659066, guid: 8d66942903ae9834b9c1959762f9b48f,
        type: 3}
      propertyPath: m_LocalEulerAnglesHint.x
      value: 0
      objectReference: {fileID: 0}
    - target: {fileID: 6380565197091659066, guid: 8d66942903ae9834b9c1959762f9b48f,
        type: 3}
      propertyPath: m_LocalEulerAnglesHint.y
      value: 0
      objectReference: {fileID: 0}
    - target: {fileID: 6380565197091659066, guid: 8d66942903ae9834b9c1959762f9b48f,
        type: 3}
      propertyPath: m_LocalEulerAnglesHint.z
      value: 0
      objectReference: {fileID: 0}
    - target: {fileID: 9172365616942248235, guid: 8d66942903ae9834b9c1959762f9b48f,
        type: 3}
      propertyPath: m_Name
      value: vein_long_blue
      objectReference: {fileID: 0}
    m_RemovedComponents: []
  m_SourcePrefab: {fileID: 100100000, guid: 8d66942903ae9834b9c1959762f9b48f, type: 3}
--- !u!4 &943091968290878071 stripped
Transform:
  m_CorrespondingSourceObject: {fileID: 6380565197091659066, guid: 8d66942903ae9834b9c1959762f9b48f,
    type: 3}
  m_PrefabInstance: {fileID: 6168483551707541325}
  m_PrefabAsset: {fileID: 0}
--- !u!1001 &7951048674691778647
PrefabInstance:
  m_ObjectHideFlags: 0
  serializedVersion: 2
  m_Modification:
    m_TransformParent: {fileID: 1127042339096079520}
    m_Modifications:
    - target: {fileID: 1825477252204090564, guid: af25d27b6be8003438df6d45cb695756,
        type: 3}
      propertyPath: m_RootOrder
      value: 6
      objectReference: {fileID: 0}
    - target: {fileID: 1825477252204090564, guid: af25d27b6be8003438df6d45cb695756,
        type: 3}
      propertyPath: m_LocalScale.x
      value: 3.659314
      objectReference: {fileID: 0}
    - target: {fileID: 1825477252204090564, guid: af25d27b6be8003438df6d45cb695756,
        type: 3}
      propertyPath: m_LocalScale.y
      value: 2.9295058
      objectReference: {fileID: 0}
    - target: {fileID: 1825477252204090564, guid: af25d27b6be8003438df6d45cb695756,
        type: 3}
      propertyPath: m_LocalScale.z
      value: 2.1402
      objectReference: {fileID: 0}
    - target: {fileID: 1825477252204090564, guid: af25d27b6be8003438df6d45cb695756,
        type: 3}
      propertyPath: m_LocalPosition.x
      value: 78.28
      objectReference: {fileID: 0}
    - target: {fileID: 1825477252204090564, guid: af25d27b6be8003438df6d45cb695756,
        type: 3}
      propertyPath: m_LocalPosition.y
      value: 10.29
      objectReference: {fileID: 0}
    - target: {fileID: 1825477252204090564, guid: af25d27b6be8003438df6d45cb695756,
        type: 3}
      propertyPath: m_LocalPosition.z
      value: 0
      objectReference: {fileID: 0}
    - target: {fileID: 1825477252204090564, guid: af25d27b6be8003438df6d45cb695756,
        type: 3}
      propertyPath: m_LocalRotation.w
      value: 1
      objectReference: {fileID: 0}
    - target: {fileID: 1825477252204090564, guid: af25d27b6be8003438df6d45cb695756,
        type: 3}
      propertyPath: m_LocalRotation.x
      value: -0
      objectReference: {fileID: 0}
    - target: {fileID: 1825477252204090564, guid: af25d27b6be8003438df6d45cb695756,
        type: 3}
      propertyPath: m_LocalRotation.y
      value: -0
      objectReference: {fileID: 0}
    - target: {fileID: 1825477252204090564, guid: af25d27b6be8003438df6d45cb695756,
        type: 3}
      propertyPath: m_LocalRotation.z
      value: -0
      objectReference: {fileID: 0}
    - target: {fileID: 1825477252204090564, guid: af25d27b6be8003438df6d45cb695756,
        type: 3}
      propertyPath: m_LocalEulerAnglesHint.x
      value: 0
      objectReference: {fileID: 0}
    - target: {fileID: 1825477252204090564, guid: af25d27b6be8003438df6d45cb695756,
        type: 3}
      propertyPath: m_LocalEulerAnglesHint.y
      value: 0
      objectReference: {fileID: 0}
    - target: {fileID: 1825477252204090564, guid: af25d27b6be8003438df6d45cb695756,
        type: 3}
      propertyPath: m_LocalEulerAnglesHint.z
      value: 0
      objectReference: {fileID: 0}
    - target: {fileID: 6474367721860673976, guid: af25d27b6be8003438df6d45cb695756,
        type: 3}
      propertyPath: m_Name
      value: VeinChunk3
      objectReference: {fileID: 0}
    m_RemovedComponents: []
  m_SourcePrefab: {fileID: 100100000, guid: af25d27b6be8003438df6d45cb695756, type: 3}
--- !u!4 &8575602763914173587 stripped
Transform:
  m_CorrespondingSourceObject: {fileID: 1825477252204090564, guid: af25d27b6be8003438df6d45cb695756,
    type: 3}
  m_PrefabInstance: {fileID: 7951048674691778647}
  m_PrefabAsset: {fileID: 0}
--- !u!1001 &8058440873840501883
PrefabInstance:
  m_ObjectHideFlags: 0
  serializedVersion: 2
  m_Modification:
    m_TransformParent: {fileID: 1127042339096079520}
    m_Modifications:
    - target: {fileID: 1825477252204090564, guid: af25d27b6be8003438df6d45cb695756,
        type: 3}
      propertyPath: m_RootOrder
      value: 7
      objectReference: {fileID: 0}
    - target: {fileID: 1825477252204090564, guid: af25d27b6be8003438df6d45cb695756,
        type: 3}
      propertyPath: m_LocalScale.x
      value: 3.659314
      objectReference: {fileID: 0}
    - target: {fileID: 1825477252204090564, guid: af25d27b6be8003438df6d45cb695756,
        type: 3}
      propertyPath: m_LocalScale.y
      value: 2.8933363
      objectReference: {fileID: 0}
    - target: {fileID: 1825477252204090564, guid: af25d27b6be8003438df6d45cb695756,
        type: 3}
      propertyPath: m_LocalScale.z
      value: 2.1402
      objectReference: {fileID: 0}
    - target: {fileID: 1825477252204090564, guid: af25d27b6be8003438df6d45cb695756,
        type: 3}
      propertyPath: m_LocalPosition.x
      value: 112.4
      objectReference: {fileID: 0}
    - target: {fileID: 1825477252204090564, guid: af25d27b6be8003438df6d45cb695756,
        type: 3}
      propertyPath: m_LocalPosition.y
      value: 9.24
      objectReference: {fileID: 0}
    - target: {fileID: 1825477252204090564, guid: af25d27b6be8003438df6d45cb695756,
        type: 3}
      propertyPath: m_LocalPosition.z
      value: 0
      objectReference: {fileID: 0}
    - target: {fileID: 1825477252204090564, guid: af25d27b6be8003438df6d45cb695756,
        type: 3}
      propertyPath: m_LocalRotation.w
      value: -0.00000020861623
      objectReference: {fileID: 0}
    - target: {fileID: 1825477252204090564, guid: af25d27b6be8003438df6d45cb695756,
        type: 3}
      propertyPath: m_LocalRotation.x
      value: -0
      objectReference: {fileID: 0}
    - target: {fileID: 1825477252204090564, guid: af25d27b6be8003438df6d45cb695756,
        type: 3}
      propertyPath: m_LocalRotation.y
      value: -0
      objectReference: {fileID: 0}
    - target: {fileID: 1825477252204090564, guid: af25d27b6be8003438df6d45cb695756,
        type: 3}
      propertyPath: m_LocalRotation.z
      value: 1
      objectReference: {fileID: 0}
    - target: {fileID: 1825477252204090564, guid: af25d27b6be8003438df6d45cb695756,
        type: 3}
      propertyPath: m_LocalEulerAnglesHint.x
      value: 0
      objectReference: {fileID: 0}
    - target: {fileID: 1825477252204090564, guid: af25d27b6be8003438df6d45cb695756,
        type: 3}
      propertyPath: m_LocalEulerAnglesHint.y
      value: 0
      objectReference: {fileID: 0}
    - target: {fileID: 1825477252204090564, guid: af25d27b6be8003438df6d45cb695756,
        type: 3}
      propertyPath: m_LocalEulerAnglesHint.z
      value: 180
      objectReference: {fileID: 0}
    - target: {fileID: 6474367721860673976, guid: af25d27b6be8003438df6d45cb695756,
        type: 3}
      propertyPath: m_Name
      value: VeinChunk3 (1)
      objectReference: {fileID: 0}
    m_RemovedComponents: []
  m_SourcePrefab: {fileID: 100100000, guid: af25d27b6be8003438df6d45cb695756, type: 3}
--- !u!4 &8538878374895825087 stripped
Transform:
  m_CorrespondingSourceObject: {fileID: 1825477252204090564, guid: af25d27b6be8003438df6d45cb695756,
    type: 3}
  m_PrefabInstance: {fileID: 8058440873840501883}
  m_PrefabAsset: {fileID: 0}
