%YAML 1.1
%TAG !u! tag:unity3d.com,2011:
--- !u!1 &2251376114191567245
GameObject:
  m_ObjectHideFlags: 0
  m_CorrespondingSourceObject: {fileID: 0}
  m_PrefabInstance: {fileID: 0}
  m_PrefabAsset: {fileID: 0}
  serializedVersion: 6
  m_Component:
  - component: {fileID: 5964566016585364300}
  m_Layer: 0
  m_Name: Enemies1
  m_TagString: Untagged
  m_Icon: {fileID: 0}
  m_NavMeshLayer: 0
  m_StaticEditorFlags: 0
  m_IsActive: 1
--- !u!4 &5964566016585364300
Transform:
  m_ObjectHideFlags: 0
  m_CorrespondingSourceObject: {fileID: 0}
  m_PrefabInstance: {fileID: 0}
  m_PrefabAsset: {fileID: 0}
  m_GameObject: {fileID: 2251376114191567245}
  m_LocalRotation: {x: 0, y: 0, z: 0, w: 1}
  m_LocalPosition: {x: 0.9, y: 5.9, z: 0}
  m_LocalScale: {x: 1, y: 1, z: 1}
  m_ConstrainProportionsScale: 0
  m_Children:
  - {fileID: 8392913811320561943}
  - {fileID: 1333128032946747449}
  - {fileID: 3625909705106486508}
  - {fileID: 4410366864620329964}
  - {fileID: 5451721971401827789}
  - {fileID: 7145862466814459440}
  - {fileID: 4155145195537511423}
  - {fileID: 7319109252594815388}
  - {fileID: 3903516073779911818}
  - {fileID: 4629724036631200121}
  - {fileID: 6399270604101894740}
  - {fileID: 6166140452501445367}
  - {fileID: 3675964241206824562}
  m_Father: {fileID: 6131459148536866152}
  m_RootOrder: 2
  m_LocalEulerAnglesHint: {x: 0, y: 0, z: 0}
--- !u!1 &6131459148536866159
GameObject:
  m_ObjectHideFlags: 0
  m_CorrespondingSourceObject: {fileID: 0}
  m_PrefabInstance: {fileID: 0}
  m_PrefabAsset: {fileID: 0}
  serializedVersion: 6
  m_Component:
  - component: {fileID: 6131459148536866152}
  - component: {fileID: 7356268319762278349}
  m_Layer: 0
  m_Name: MainMenu_1
  m_TagString: Untagged
  m_Icon: {fileID: 0}
  m_NavMeshLayer: 0
  m_StaticEditorFlags: 0
  m_IsActive: 1
--- !u!4 &6131459148536866152
Transform:
  m_ObjectHideFlags: 0
  m_CorrespondingSourceObject: {fileID: 0}
  m_PrefabInstance: {fileID: 0}
  m_PrefabAsset: {fileID: 0}
  m_GameObject: {fileID: 6131459148536866159}
  m_LocalRotation: {x: 0, y: 0, z: 0, w: 1}
  m_LocalPosition: {x: 0, y: 0, z: 0}
  m_LocalScale: {x: 1, y: 1, z: 1}
  m_ConstrainProportionsScale: 0
  m_Children:
  - {fileID: 2330924008750248137}
  - {fileID: 21016624734221339}
  - {fileID: 5964566016585364300}
  - {fileID: 1434520591954153194}
  m_Father: {fileID: 0}
  m_RootOrder: 0
  m_LocalEulerAnglesHint: {x: 0, y: 0, z: 0}
--- !u!114 &7356268319762278349
MonoBehaviour:
  m_ObjectHideFlags: 0
  m_CorrespondingSourceObject: {fileID: 0}
  m_PrefabInstance: {fileID: 0}
  m_PrefabAsset: {fileID: 0}
  m_GameObject: {fileID: 6131459148536866159}
  m_Enabled: 1
  m_EditorHideFlags: 0
  m_Script: {fileID: 11500000, guid: 18e07c1978fc1d94fa49159cf05a531a, type: 3}
  m_Name: 
  m_EditorClassIdentifier: 
  sso: {fileID: 11400000, guid: 229c84c38d8ce754d9c0f94a85db7858, type: 2}
--- !u!1001 &632985811453617302
PrefabInstance:
  m_ObjectHideFlags: 0
  serializedVersion: 2
  m_Modification:
    m_TransformParent: {fileID: 6131459148536866152}
    m_Modifications:
    - target: {fileID: 1954740209474546300, guid: c00a5af01857d8c42bf1707c10e0a361,
        type: 3}
      propertyPath: m_RootOrder
      value: 3
      objectReference: {fileID: 0}
    - target: {fileID: 1954740209474546300, guid: c00a5af01857d8c42bf1707c10e0a361,
        type: 3}
      propertyPath: m_LocalPosition.x
      value: 80.5
      objectReference: {fileID: 0}
    - target: {fileID: 1954740209474546300, guid: c00a5af01857d8c42bf1707c10e0a361,
        type: 3}
      propertyPath: m_LocalPosition.y
      value: 5.5
      objectReference: {fileID: 0}
    - target: {fileID: 1954740209474546300, guid: c00a5af01857d8c42bf1707c10e0a361,
        type: 3}
      propertyPath: m_LocalPosition.z
      value: 0
      objectReference: {fileID: 0}
    - target: {fileID: 1954740209474546300, guid: c00a5af01857d8c42bf1707c10e0a361,
        type: 3}
      propertyPath: m_LocalRotation.w
      value: 1
      objectReference: {fileID: 0}
    - target: {fileID: 1954740209474546300, guid: c00a5af01857d8c42bf1707c10e0a361,
        type: 3}
      propertyPath: m_LocalRotation.x
      value: -0
      objectReference: {fileID: 0}
    - target: {fileID: 1954740209474546300, guid: c00a5af01857d8c42bf1707c10e0a361,
        type: 3}
      propertyPath: m_LocalRotation.y
      value: -0
      objectReference: {fileID: 0}
    - target: {fileID: 1954740209474546300, guid: c00a5af01857d8c42bf1707c10e0a361,
        type: 3}
      propertyPath: m_LocalRotation.z
      value: -0
      objectReference: {fileID: 0}
    - target: {fileID: 1954740209474546300, guid: c00a5af01857d8c42bf1707c10e0a361,
        type: 3}
      propertyPath: m_LocalEulerAnglesHint.x
      value: 0
      objectReference: {fileID: 0}
    - target: {fileID: 1954740209474546300, guid: c00a5af01857d8c42bf1707c10e0a361,
        type: 3}
      propertyPath: m_LocalEulerAnglesHint.y
      value: 0
      objectReference: {fileID: 0}
    - target: {fileID: 1954740209474546300, guid: c00a5af01857d8c42bf1707c10e0a361,
        type: 3}
      propertyPath: m_LocalEulerAnglesHint.z
      value: 0
      objectReference: {fileID: 0}
    - target: {fileID: 1954740209474546301, guid: c00a5af01857d8c42bf1707c10e0a361,
        type: 3}
      propertyPath: m_Name
      value: NewChunkTrigger
      objectReference: {fileID: 0}
    m_RemovedComponents: []
  m_SourcePrefab: {fileID: 100100000, guid: c00a5af01857d8c42bf1707c10e0a361, type: 3}
--- !u!4 &1434520591954153194 stripped
Transform:
  m_CorrespondingSourceObject: {fileID: 1954740209474546300, guid: c00a5af01857d8c42bf1707c10e0a361,
    type: 3}
  m_PrefabInstance: {fileID: 632985811453617302}
  m_PrefabAsset: {fileID: 0}
--- !u!1001 &771831071400048818
PrefabInstance:
  m_ObjectHideFlags: 0
  serializedVersion: 2
  m_Modification:
    m_TransformParent: {fileID: 5964566016585364300}
    m_Modifications:
    - target: {fileID: 3973742158426413261, guid: 8c9f2637f4c1db7469b69919fb6684a1,
        type: 3}
      propertyPath: m_Name
      value: RedCell_NoScript
      objectReference: {fileID: 0}
    - target: {fileID: 9137670474033256869, guid: 8c9f2637f4c1db7469b69919fb6684a1,
        type: 3}
      propertyPath: m_RootOrder
      value: 0
      objectReference: {fileID: 0}
    - target: {fileID: 9137670474033256869, guid: 8c9f2637f4c1db7469b69919fb6684a1,
        type: 3}
      propertyPath: m_LocalPosition.x
      value: 3.19
      objectReference: {fileID: 0}
    - target: {fileID: 9137670474033256869, guid: 8c9f2637f4c1db7469b69919fb6684a1,
        type: 3}
      propertyPath: m_LocalPosition.y
      value: -2.66
      objectReference: {fileID: 0}
    - target: {fileID: 9137670474033256869, guid: 8c9f2637f4c1db7469b69919fb6684a1,
        type: 3}
      propertyPath: m_LocalPosition.z
      value: 0
      objectReference: {fileID: 0}
    - target: {fileID: 9137670474033256869, guid: 8c9f2637f4c1db7469b69919fb6684a1,
        type: 3}
      propertyPath: m_LocalRotation.w
      value: 0.7071068
      objectReference: {fileID: 0}
    - target: {fileID: 9137670474033256869, guid: 8c9f2637f4c1db7469b69919fb6684a1,
        type: 3}
      propertyPath: m_LocalRotation.x
      value: 0
      objectReference: {fileID: 0}
    - target: {fileID: 9137670474033256869, guid: 8c9f2637f4c1db7469b69919fb6684a1,
        type: 3}
      propertyPath: m_LocalRotation.y
      value: 0
      objectReference: {fileID: 0}
    - target: {fileID: 9137670474033256869, guid: 8c9f2637f4c1db7469b69919fb6684a1,
        type: 3}
      propertyPath: m_LocalRotation.z
      value: 0.7071068
      objectReference: {fileID: 0}
    - target: {fileID: 9137670474033256869, guid: 8c9f2637f4c1db7469b69919fb6684a1,
        type: 3}
      propertyPath: m_LocalEulerAnglesHint.x
      value: 0
      objectReference: {fileID: 0}
    - target: {fileID: 9137670474033256869, guid: 8c9f2637f4c1db7469b69919fb6684a1,
        type: 3}
      propertyPath: m_LocalEulerAnglesHint.y
      value: 0
      objectReference: {fileID: 0}
    - target: {fileID: 9137670474033256869, guid: 8c9f2637f4c1db7469b69919fb6684a1,
        type: 3}
      propertyPath: m_LocalEulerAnglesHint.z
      value: 90
      objectReference: {fileID: 0}
    m_RemovedComponents: []
  m_SourcePrefab: {fileID: 100100000, guid: 8c9f2637f4c1db7469b69919fb6684a1, type: 3}
--- !u!4 &8392913811320561943 stripped
Transform:
  m_CorrespondingSourceObject: {fileID: 9137670474033256869, guid: 8c9f2637f4c1db7469b69919fb6684a1,
    type: 3}
  m_PrefabInstance: {fileID: 771831071400048818}
  m_PrefabAsset: {fileID: 0}
--- !u!1001 &1427177720986667483
PrefabInstance:
  m_ObjectHideFlags: 0
  serializedVersion: 2
  m_Modification:
    m_TransformParent: {fileID: 5964566016585364300}
    m_Modifications:
    - target: {fileID: 2482885116711539771, guid: e89ead7f4485af4458249ae109fc8388,
        type: 3}
      propertyPath: m_Name
      value: WhiteCell_1 1 (2)
      objectReference: {fileID: 0}
    - target: {fileID: 2729825398533576017, guid: e89ead7f4485af4458249ae109fc8388,
        type: 3}
      propertyPath: m_RootOrder
      value: 8
      objectReference: {fileID: 0}
    - target: {fileID: 2729825398533576017, guid: e89ead7f4485af4458249ae109fc8388,
        type: 3}
      propertyPath: m_LocalPosition.x
      value: 61.53
      objectReference: {fileID: 0}
    - target: {fileID: 2729825398533576017, guid: e89ead7f4485af4458249ae109fc8388,
        type: 3}
      propertyPath: m_LocalPosition.y
      value: 1.64
      objectReference: {fileID: 0}
    - target: {fileID: 2729825398533576017, guid: e89ead7f4485af4458249ae109fc8388,
        type: 3}
      propertyPath: m_LocalPosition.z
      value: 0
      objectReference: {fileID: 0}
    - target: {fileID: 2729825398533576017, guid: e89ead7f4485af4458249ae109fc8388,
        type: 3}
      propertyPath: m_LocalRotation.w
      value: 1
      objectReference: {fileID: 0}
    - target: {fileID: 2729825398533576017, guid: e89ead7f4485af4458249ae109fc8388,
        type: 3}
      propertyPath: m_LocalRotation.x
      value: 0
      objectReference: {fileID: 0}
    - target: {fileID: 2729825398533576017, guid: e89ead7f4485af4458249ae109fc8388,
        type: 3}
      propertyPath: m_LocalRotation.y
      value: 0
      objectReference: {fileID: 0}
    - target: {fileID: 2729825398533576017, guid: e89ead7f4485af4458249ae109fc8388,
        type: 3}
      propertyPath: m_LocalRotation.z
      value: 0
      objectReference: {fileID: 0}
    - target: {fileID: 2729825398533576017, guid: e89ead7f4485af4458249ae109fc8388,
        type: 3}
      propertyPath: m_LocalEulerAnglesHint.x
      value: 0
      objectReference: {fileID: 0}
    - target: {fileID: 2729825398533576017, guid: e89ead7f4485af4458249ae109fc8388,
        type: 3}
      propertyPath: m_LocalEulerAnglesHint.y
      value: 0
      objectReference: {fileID: 0}
    - target: {fileID: 2729825398533576017, guid: e89ead7f4485af4458249ae109fc8388,
        type: 3}
      propertyPath: m_LocalEulerAnglesHint.z
      value: 0
      objectReference: {fileID: 0}
    m_RemovedComponents: []
  m_SourcePrefab: {fileID: 100100000, guid: e89ead7f4485af4458249ae109fc8388, type: 3}
--- !u!4 &3903516073779911818 stripped
Transform:
  m_CorrespondingSourceObject: {fileID: 2729825398533576017, guid: e89ead7f4485af4458249ae109fc8388,
    type: 3}
  m_PrefabInstance: {fileID: 1427177720986667483}
  m_PrefabAsset: {fileID: 0}
--- !u!1001 &2037952733817988782
PrefabInstance:
  m_ObjectHideFlags: 0
  serializedVersion: 2
  m_Modification:
    m_TransformParent: {fileID: 5964566016585364300}
    m_Modifications:
    - target: {fileID: 2482885116711539771, guid: e89ead7f4485af4458249ae109fc8388,
        type: 3}
      propertyPath: m_Name
      value: WhiteCell_1 1
      objectReference: {fileID: 0}
    - target: {fileID: 2729825398533576017, guid: e89ead7f4485af4458249ae109fc8388,
        type: 3}
      propertyPath: m_RootOrder
      value: 6
      objectReference: {fileID: 0}
    - target: {fileID: 2729825398533576017, guid: e89ead7f4485af4458249ae109fc8388,
        type: 3}
      propertyPath: m_LocalPosition.x
      value: 8.34
      objectReference: {fileID: 0}
    - target: {fileID: 2729825398533576017, guid: e89ead7f4485af4458249ae109fc8388,
        type: 3}
      propertyPath: m_LocalPosition.y
      value: 0
      objectReference: {fileID: 0}
    - target: {fileID: 2729825398533576017, guid: e89ead7f4485af4458249ae109fc8388,
        type: 3}
      propertyPath: m_LocalPosition.z
      value: 0
      objectReference: {fileID: 0}
    - target: {fileID: 2729825398533576017, guid: e89ead7f4485af4458249ae109fc8388,
        type: 3}
      propertyPath: m_LocalRotation.w
      value: 1
      objectReference: {fileID: 0}
    - target: {fileID: 2729825398533576017, guid: e89ead7f4485af4458249ae109fc8388,
        type: 3}
      propertyPath: m_LocalRotation.x
      value: 0
      objectReference: {fileID: 0}
    - target: {fileID: 2729825398533576017, guid: e89ead7f4485af4458249ae109fc8388,
        type: 3}
      propertyPath: m_LocalRotation.y
      value: 0
      objectReference: {fileID: 0}
    - target: {fileID: 2729825398533576017, guid: e89ead7f4485af4458249ae109fc8388,
        type: 3}
      propertyPath: m_LocalRotation.z
      value: 0
      objectReference: {fileID: 0}
    - target: {fileID: 2729825398533576017, guid: e89ead7f4485af4458249ae109fc8388,
        type: 3}
      propertyPath: m_LocalEulerAnglesHint.x
      value: 0
      objectReference: {fileID: 0}
    - target: {fileID: 2729825398533576017, guid: e89ead7f4485af4458249ae109fc8388,
        type: 3}
      propertyPath: m_LocalEulerAnglesHint.y
      value: 0
      objectReference: {fileID: 0}
    - target: {fileID: 2729825398533576017, guid: e89ead7f4485af4458249ae109fc8388,
        type: 3}
      propertyPath: m_LocalEulerAnglesHint.z
      value: 0
      objectReference: {fileID: 0}
    m_RemovedComponents: []
  m_SourcePrefab: {fileID: 100100000, guid: e89ead7f4485af4458249ae109fc8388, type: 3}
--- !u!4 &4155145195537511423 stripped
Transform:
  m_CorrespondingSourceObject: {fileID: 2729825398533576017, guid: e89ead7f4485af4458249ae109fc8388,
    type: 3}
  m_PrefabInstance: {fileID: 2037952733817988782}
  m_PrefabAsset: {fileID: 0}
--- !u!1001 &2042438899974015459
PrefabInstance:
  m_ObjectHideFlags: 0
  serializedVersion: 2
  m_Modification:
    m_TransformParent: {fileID: 6131459148536866152}
    m_Modifications:
    - target: {fileID: 1045926894884850010, guid: 63f27e3b3050f994091ccf49624a6532,
        type: 3}
      propertyPath: m_Name
      value: Borders
      objectReference: {fileID: 0}
    - target: {fileID: 2022848344087150072, guid: 63f27e3b3050f994091ccf49624a6532,
        type: 3}
      propertyPath: m_RootOrder
      value: 1
      objectReference: {fileID: 0}
    - target: {fileID: 2022848344087150072, guid: 63f27e3b3050f994091ccf49624a6532,
        type: 3}
      propertyPath: m_LocalPosition.x
      value: 0
      objectReference: {fileID: 0}
    - target: {fileID: 2022848344087150072, guid: 63f27e3b3050f994091ccf49624a6532,
        type: 3}
      propertyPath: m_LocalPosition.y
      value: 0
      objectReference: {fileID: 0}
    - target: {fileID: 2022848344087150072, guid: 63f27e3b3050f994091ccf49624a6532,
        type: 3}
      propertyPath: m_LocalPosition.z
      value: 0
      objectReference: {fileID: 0}
    - target: {fileID: 2022848344087150072, guid: 63f27e3b3050f994091ccf49624a6532,
        type: 3}
      propertyPath: m_LocalRotation.w
      value: 1
      objectReference: {fileID: 0}
    - target: {fileID: 2022848344087150072, guid: 63f27e3b3050f994091ccf49624a6532,
        type: 3}
      propertyPath: m_LocalRotation.x
      value: 0
      objectReference: {fileID: 0}
    - target: {fileID: 2022848344087150072, guid: 63f27e3b3050f994091ccf49624a6532,
        type: 3}
      propertyPath: m_LocalRotation.y
      value: 0
      objectReference: {fileID: 0}
    - target: {fileID: 2022848344087150072, guid: 63f27e3b3050f994091ccf49624a6532,
        type: 3}
      propertyPath: m_LocalRotation.z
      value: 0
      objectReference: {fileID: 0}
    - target: {fileID: 2022848344087150072, guid: 63f27e3b3050f994091ccf49624a6532,
        type: 3}
      propertyPath: m_LocalEulerAnglesHint.x
      value: 0
      objectReference: {fileID: 0}
    - target: {fileID: 2022848344087150072, guid: 63f27e3b3050f994091ccf49624a6532,
        type: 3}
      propertyPath: m_LocalEulerAnglesHint.y
      value: 0
      objectReference: {fileID: 0}
    - target: {fileID: 2022848344087150072, guid: 63f27e3b3050f994091ccf49624a6532,
        type: 3}
      propertyPath: m_LocalEulerAnglesHint.z
      value: 0
      objectReference: {fileID: 0}
    m_RemovedComponents: []
  m_SourcePrefab: {fileID: 100100000, guid: 63f27e3b3050f994091ccf49624a6532, type: 3}
--- !u!4 &21016624734221339 stripped
Transform:
  m_CorrespondingSourceObject: {fileID: 2022848344087150072, guid: 63f27e3b3050f994091ccf49624a6532,
    type: 3}
  m_PrefabInstance: {fileID: 2042438899974015459}
  m_PrefabAsset: {fileID: 0}
--- !u!1001 &2124273296334694189
PrefabInstance:
  m_ObjectHideFlags: 0
  serializedVersion: 2
  m_Modification:
    m_TransformParent: {fileID: 5964566016585364300}
    m_Modifications:
    - target: {fileID: 5022685643696203128, guid: 95c3113d28bbc364f82555b9f58e367e,
        type: 3}
      propertyPath: m_Name
      value: SplitEnemy_NoScript
      objectReference: {fileID: 0}
    - target: {fileID: 5022685643696203129, guid: 95c3113d28bbc364f82555b9f58e367e,
        type: 3}
      propertyPath: m_RootOrder
      value: 10
      objectReference: {fileID: 0}
    - target: {fileID: 5022685643696203129, guid: 95c3113d28bbc364f82555b9f58e367e,
        type: 3}
      propertyPath: m_LocalPosition.x
      value: 86.8
      objectReference: {fileID: 0}
    - target: {fileID: 5022685643696203129, guid: 95c3113d28bbc364f82555b9f58e367e,
        type: 3}
      propertyPath: m_LocalPosition.y
      value: 0
      objectReference: {fileID: 0}
    - target: {fileID: 5022685643696203129, guid: 95c3113d28bbc364f82555b9f58e367e,
        type: 3}
      propertyPath: m_LocalPosition.z
      value: 0
      objectReference: {fileID: 0}
    - target: {fileID: 5022685643696203129, guid: 95c3113d28bbc364f82555b9f58e367e,
        type: 3}
      propertyPath: m_LocalRotation.w
      value: 1
      objectReference: {fileID: 0}
    - target: {fileID: 5022685643696203129, guid: 95c3113d28bbc364f82555b9f58e367e,
        type: 3}
      propertyPath: m_LocalRotation.x
      value: 0
      objectReference: {fileID: 0}
    - target: {fileID: 5022685643696203129, guid: 95c3113d28bbc364f82555b9f58e367e,
        type: 3}
      propertyPath: m_LocalRotation.y
      value: 0
      objectReference: {fileID: 0}
    - target: {fileID: 5022685643696203129, guid: 95c3113d28bbc364f82555b9f58e367e,
        type: 3}
      propertyPath: m_LocalRotation.z
      value: 0
      objectReference: {fileID: 0}
    - target: {fileID: 5022685643696203129, guid: 95c3113d28bbc364f82555b9f58e367e,
        type: 3}
      propertyPath: m_LocalEulerAnglesHint.x
      value: 0
      objectReference: {fileID: 0}
    - target: {fileID: 5022685643696203129, guid: 95c3113d28bbc364f82555b9f58e367e,
        type: 3}
      propertyPath: m_LocalEulerAnglesHint.y
      value: 0
      objectReference: {fileID: 0}
    - target: {fileID: 5022685643696203129, guid: 95c3113d28bbc364f82555b9f58e367e,
        type: 3}
      propertyPath: m_LocalEulerAnglesHint.z
      value: 0
      objectReference: {fileID: 0}
    m_RemovedComponents: []
  m_SourcePrefab: {fileID: 100100000, guid: 95c3113d28bbc364f82555b9f58e367e, type: 3}
--- !u!4 &6399270604101894740 stripped
Transform:
  m_CorrespondingSourceObject: {fileID: 5022685643696203129, guid: 95c3113d28bbc364f82555b9f58e367e,
    type: 3}
  m_PrefabInstance: {fileID: 2124273296334694189}
  m_PrefabAsset: {fileID: 0}
--- !u!1001 &2154043250268596117
PrefabInstance:
  m_ObjectHideFlags: 0
  serializedVersion: 2
  m_Modification:
    m_TransformParent: {fileID: 5964566016585364300}
    m_Modifications:
    - target: {fileID: 3973742158426413261, guid: 8c9f2637f4c1db7469b69919fb6684a1,
        type: 3}
      propertyPath: m_Name
      value: RedCell_NoScript (5)
      objectReference: {fileID: 0}
    - target: {fileID: 9137670474033256869, guid: 8c9f2637f4c1db7469b69919fb6684a1,
        type: 3}
      propertyPath: m_RootOrder
      value: 5
      objectReference: {fileID: 0}
    - target: {fileID: 9137670474033256869, guid: 8c9f2637f4c1db7469b69919fb6684a1,
        type: 3}
      propertyPath: m_LocalPosition.x
      value: 47.2
      objectReference: {fileID: 0}
    - target: {fileID: 9137670474033256869, guid: 8c9f2637f4c1db7469b69919fb6684a1,
        type: 3}
      propertyPath: m_LocalPosition.y
      value: 1.73
      objectReference: {fileID: 0}
    - target: {fileID: 9137670474033256869, guid: 8c9f2637f4c1db7469b69919fb6684a1,
        type: 3}
      propertyPath: m_LocalPosition.z
      value: 0
      objectReference: {fileID: 0}
    - target: {fileID: 9137670474033256869, guid: 8c9f2637f4c1db7469b69919fb6684a1,
        type: 3}
      propertyPath: m_LocalRotation.w
      value: 0.7071068
      objectReference: {fileID: 0}
    - target: {fileID: 9137670474033256869, guid: 8c9f2637f4c1db7469b69919fb6684a1,
        type: 3}
      propertyPath: m_LocalRotation.x
      value: 0
      objectReference: {fileID: 0}
    - target: {fileID: 9137670474033256869, guid: 8c9f2637f4c1db7469b69919fb6684a1,
        type: 3}
      propertyPath: m_LocalRotation.y
      value: 0
      objectReference: {fileID: 0}
    - target: {fileID: 9137670474033256869, guid: 8c9f2637f4c1db7469b69919fb6684a1,
        type: 3}
      propertyPath: m_LocalRotation.z
      value: 0.7071068
      objectReference: {fileID: 0}
    - target: {fileID: 9137670474033256869, guid: 8c9f2637f4c1db7469b69919fb6684a1,
        type: 3}
      propertyPath: m_LocalEulerAnglesHint.x
      value: 0
      objectReference: {fileID: 0}
    - target: {fileID: 9137670474033256869, guid: 8c9f2637f4c1db7469b69919fb6684a1,
        type: 3}
      propertyPath: m_LocalEulerAnglesHint.y
      value: 0
      objectReference: {fileID: 0}
    - target: {fileID: 9137670474033256869, guid: 8c9f2637f4c1db7469b69919fb6684a1,
        type: 3}
      propertyPath: m_LocalEulerAnglesHint.z
      value: 90
      objectReference: {fileID: 0}
    m_RemovedComponents: []
  m_SourcePrefab: {fileID: 100100000, guid: 8c9f2637f4c1db7469b69919fb6684a1, type: 3}
--- !u!4 &7145862466814459440 stripped
Transform:
  m_CorrespondingSourceObject: {fileID: 9137670474033256869, guid: 8c9f2637f4c1db7469b69919fb6684a1,
    type: 3}
  m_PrefabInstance: {fileID: 2154043250268596117}
  m_PrefabAsset: {fileID: 0}
--- !u!1001 &3570426160046979275
PrefabInstance:
  m_ObjectHideFlags: 0
  serializedVersion: 2
  m_Modification:
    m_TransformParent: {fileID: 5964566016585364300}
    m_Modifications:
    - target: {fileID: 1517677620669600334, guid: 8a26949ae5bbbd945a29495e271115e0,
        type: 3}
      propertyPath: m_Name
      value: BlueDude_NoScript
      objectReference: {fileID: 0}
    - target: {fileID: 7214269342955823676, guid: 8a26949ae5bbbd945a29495e271115e0,
        type: 3}
      propertyPath: m_RootOrder
      value: 11
      objectReference: {fileID: 0}
    - target: {fileID: 7214269342955823676, guid: 8a26949ae5bbbd945a29495e271115e0,
        type: 3}
      propertyPath: m_LocalPosition.x
      value: 101.7
      objectReference: {fileID: 0}
    - target: {fileID: 7214269342955823676, guid: 8a26949ae5bbbd945a29495e271115e0,
        type: 3}
      propertyPath: m_LocalPosition.y
      value: -1.8
      objectReference: {fileID: 0}
    - target: {fileID: 7214269342955823676, guid: 8a26949ae5bbbd945a29495e271115e0,
        type: 3}
      propertyPath: m_LocalPosition.z
      value: 0
      objectReference: {fileID: 0}
    - target: {fileID: 7214269342955823676, guid: 8a26949ae5bbbd945a29495e271115e0,
        type: 3}
      propertyPath: m_LocalRotation.w
      value: 1
      objectReference: {fileID: 0}
    - target: {fileID: 7214269342955823676, guid: 8a26949ae5bbbd945a29495e271115e0,
        type: 3}
      propertyPath: m_LocalRotation.x
      value: 0
      objectReference: {fileID: 0}
    - target: {fileID: 7214269342955823676, guid: 8a26949ae5bbbd945a29495e271115e0,
        type: 3}
      propertyPath: m_LocalRotation.y
      value: 0
      objectReference: {fileID: 0}
    - target: {fileID: 7214269342955823676, guid: 8a26949ae5bbbd945a29495e271115e0,
        type: 3}
      propertyPath: m_LocalRotation.z
      value: 0
      objectReference: {fileID: 0}
    - target: {fileID: 7214269342955823676, guid: 8a26949ae5bbbd945a29495e271115e0,
        type: 3}
      propertyPath: m_LocalEulerAnglesHint.x
      value: 0
      objectReference: {fileID: 0}
    - target: {fileID: 7214269342955823676, guid: 8a26949ae5bbbd945a29495e271115e0,
        type: 3}
      propertyPath: m_LocalEulerAnglesHint.y
      value: 0
      objectReference: {fileID: 0}
    - target: {fileID: 7214269342955823676, guid: 8a26949ae5bbbd945a29495e271115e0,
        type: 3}
      propertyPath: m_LocalEulerAnglesHint.z
      value: 0
      objectReference: {fileID: 0}
    m_RemovedComponents: []
  m_SourcePrefab: {fileID: 100100000, guid: 8a26949ae5bbbd945a29495e271115e0, type: 3}
--- !u!4 &6166140452501445367 stripped
Transform:
  m_CorrespondingSourceObject: {fileID: 7214269342955823676, guid: 8a26949ae5bbbd945a29495e271115e0,
    type: 3}
  m_PrefabInstance: {fileID: 3570426160046979275}
  m_PrefabAsset: {fileID: 0}
--- !u!1001 &3848307045619661928
PrefabInstance:
  m_ObjectHideFlags: 0
  serializedVersion: 2
  m_Modification:
    m_TransformParent: {fileID: 5964566016585364300}
    m_Modifications:
    - target: {fileID: 3973742158426413261, guid: 8c9f2637f4c1db7469b69919fb6684a1,
        type: 3}
      propertyPath: m_Name
      value: RedCell_NoScript (4)
      objectReference: {fileID: 0}
    - target: {fileID: 9137670474033256869, guid: 8c9f2637f4c1db7469b69919fb6684a1,
        type: 3}
      propertyPath: m_RootOrder
      value: 4
      objectReference: {fileID: 0}
    - target: {fileID: 9137670474033256869, guid: 8c9f2637f4c1db7469b69919fb6684a1,
        type: 3}
      propertyPath: m_LocalPosition.x
      value: 38.43
      objectReference: {fileID: 0}
    - target: {fileID: 9137670474033256869, guid: 8c9f2637f4c1db7469b69919fb6684a1,
        type: 3}
      propertyPath: m_LocalPosition.y
      value: -2.48
      objectReference: {fileID: 0}
    - target: {fileID: 9137670474033256869, guid: 8c9f2637f4c1db7469b69919fb6684a1,
        type: 3}
      propertyPath: m_LocalPosition.z
      value: 0
      objectReference: {fileID: 0}
    - target: {fileID: 9137670474033256869, guid: 8c9f2637f4c1db7469b69919fb6684a1,
        type: 3}
      propertyPath: m_LocalRotation.w
      value: 0.7071068
      objectReference: {fileID: 0}
    - target: {fileID: 9137670474033256869, guid: 8c9f2637f4c1db7469b69919fb6684a1,
        type: 3}
      propertyPath: m_LocalRotation.x
      value: 0
      objectReference: {fileID: 0}
    - target: {fileID: 9137670474033256869, guid: 8c9f2637f4c1db7469b69919fb6684a1,
        type: 3}
      propertyPath: m_LocalRotation.y
      value: 0
      objectReference: {fileID: 0}
    - target: {fileID: 9137670474033256869, guid: 8c9f2637f4c1db7469b69919fb6684a1,
        type: 3}
      propertyPath: m_LocalRotation.z
      value: 0.7071068
      objectReference: {fileID: 0}
    - target: {fileID: 9137670474033256869, guid: 8c9f2637f4c1db7469b69919fb6684a1,
        type: 3}
      propertyPath: m_LocalEulerAnglesHint.x
      value: 0
      objectReference: {fileID: 0}
    - target: {fileID: 9137670474033256869, guid: 8c9f2637f4c1db7469b69919fb6684a1,
        type: 3}
      propertyPath: m_LocalEulerAnglesHint.y
      value: 0
      objectReference: {fileID: 0}
    - target: {fileID: 9137670474033256869, guid: 8c9f2637f4c1db7469b69919fb6684a1,
        type: 3}
      propertyPath: m_LocalEulerAnglesHint.z
      value: 90
      objectReference: {fileID: 0}
    m_RemovedComponents: []
  m_SourcePrefab: {fileID: 100100000, guid: 8c9f2637f4c1db7469b69919fb6684a1, type: 3}
--- !u!4 &5451721971401827789 stripped
Transform:
  m_CorrespondingSourceObject: {fileID: 9137670474033256869, guid: 8c9f2637f4c1db7469b69919fb6684a1,
    type: 3}
  m_PrefabInstance: {fileID: 3848307045619661928}
  m_PrefabAsset: {fileID: 0}
--- !u!1001 &4643486827550770381
PrefabInstance:
  m_ObjectHideFlags: 0
  serializedVersion: 2
  m_Modification:
    m_TransformParent: {fileID: 5964566016585364300}
    m_Modifications:
    - target: {fileID: 2482885116711539771, guid: e89ead7f4485af4458249ae109fc8388,
        type: 3}
      propertyPath: m_Name
      value: WhiteCell_1 1 (1)
      objectReference: {fileID: 0}
    - target: {fileID: 2729825398533576017, guid: e89ead7f4485af4458249ae109fc8388,
        type: 3}
      propertyPath: m_RootOrder
      value: 7
      objectReference: {fileID: 0}
    - target: {fileID: 2729825398533576017, guid: e89ead7f4485af4458249ae109fc8388,
        type: 3}
      propertyPath: m_LocalPosition.x
      value: 44.91
      objectReference: {fileID: 0}
    - target: {fileID: 2729825398533576017, guid: e89ead7f4485af4458249ae109fc8388,
        type: 3}
      propertyPath: m_LocalPosition.y
      value: -1.23
      objectReference: {fileID: 0}
    - target: {fileID: 2729825398533576017, guid: e89ead7f4485af4458249ae109fc8388,
        type: 3}
      propertyPath: m_LocalPosition.z
      value: 0
      objectReference: {fileID: 0}
    - target: {fileID: 2729825398533576017, guid: e89ead7f4485af4458249ae109fc8388,
        type: 3}
      propertyPath: m_LocalRotation.w
      value: 1
      objectReference: {fileID: 0}
    - target: {fileID: 2729825398533576017, guid: e89ead7f4485af4458249ae109fc8388,
        type: 3}
      propertyPath: m_LocalRotation.x
      value: 0
      objectReference: {fileID: 0}
    - target: {fileID: 2729825398533576017, guid: e89ead7f4485af4458249ae109fc8388,
        type: 3}
      propertyPath: m_LocalRotation.y
      value: 0
      objectReference: {fileID: 0}
    - target: {fileID: 2729825398533576017, guid: e89ead7f4485af4458249ae109fc8388,
        type: 3}
      propertyPath: m_LocalRotation.z
      value: 0
      objectReference: {fileID: 0}
    - target: {fileID: 2729825398533576017, guid: e89ead7f4485af4458249ae109fc8388,
        type: 3}
      propertyPath: m_LocalEulerAnglesHint.x
      value: 0
      objectReference: {fileID: 0}
    - target: {fileID: 2729825398533576017, guid: e89ead7f4485af4458249ae109fc8388,
        type: 3}
      propertyPath: m_LocalEulerAnglesHint.y
      value: 0
      objectReference: {fileID: 0}
    - target: {fileID: 2729825398533576017, guid: e89ead7f4485af4458249ae109fc8388,
        type: 3}
      propertyPath: m_LocalEulerAnglesHint.z
      value: 0
      objectReference: {fileID: 0}
    m_RemovedComponents: []
  m_SourcePrefab: {fileID: 100100000, guid: e89ead7f4485af4458249ae109fc8388, type: 3}
--- !u!4 &7319109252594815388 stripped
Transform:
  m_CorrespondingSourceObject: {fileID: 2729825398533576017, guid: e89ead7f4485af4458249ae109fc8388,
    type: 3}
  m_PrefabInstance: {fileID: 4643486827550770381}
  m_PrefabAsset: {fileID: 0}
--- !u!1001 &4898583417681789513
PrefabInstance:
  m_ObjectHideFlags: 0
  serializedVersion: 2
  m_Modification:
    m_TransformParent: {fileID: 5964566016585364300}
    m_Modifications:
    - target: {fileID: 3973742158426413261, guid: 8c9f2637f4c1db7469b69919fb6684a1,
        type: 3}
      propertyPath: m_Name
      value: RedCell_NoScript (3)
      objectReference: {fileID: 0}
    - target: {fileID: 9137670474033256869, guid: 8c9f2637f4c1db7469b69919fb6684a1,
        type: 3}
      propertyPath: m_RootOrder
      value: 3
      objectReference: {fileID: 0}
    - target: {fileID: 9137670474033256869, guid: 8c9f2637f4c1db7469b69919fb6684a1,
        type: 3}
      propertyPath: m_LocalPosition.x
      value: 22.58
      objectReference: {fileID: 0}
    - target: {fileID: 9137670474033256869, guid: 8c9f2637f4c1db7469b69919fb6684a1,
        type: 3}
      propertyPath: m_LocalPosition.y
      value: -2.48
      objectReference: {fileID: 0}
    - target: {fileID: 9137670474033256869, guid: 8c9f2637f4c1db7469b69919fb6684a1,
        type: 3}
      propertyPath: m_LocalPosition.z
      value: 0
      objectReference: {fileID: 0}
    - target: {fileID: 9137670474033256869, guid: 8c9f2637f4c1db7469b69919fb6684a1,
        type: 3}
      propertyPath: m_LocalRotation.w
      value: 0.7071068
      objectReference: {fileID: 0}
    - target: {fileID: 9137670474033256869, guid: 8c9f2637f4c1db7469b69919fb6684a1,
        type: 3}
      propertyPath: m_LocalRotation.x
      value: 0
      objectReference: {fileID: 0}
    - target: {fileID: 9137670474033256869, guid: 8c9f2637f4c1db7469b69919fb6684a1,
        type: 3}
      propertyPath: m_LocalRotation.y
      value: 0
      objectReference: {fileID: 0}
    - target: {fileID: 9137670474033256869, guid: 8c9f2637f4c1db7469b69919fb6684a1,
        type: 3}
      propertyPath: m_LocalRotation.z
      value: 0.7071068
      objectReference: {fileID: 0}
    - target: {fileID: 9137670474033256869, guid: 8c9f2637f4c1db7469b69919fb6684a1,
        type: 3}
      propertyPath: m_LocalEulerAnglesHint.x
      value: 0
      objectReference: {fileID: 0}
    - target: {fileID: 9137670474033256869, guid: 8c9f2637f4c1db7469b69919fb6684a1,
        type: 3}
      propertyPath: m_LocalEulerAnglesHint.y
      value: 0
      objectReference: {fileID: 0}
    - target: {fileID: 9137670474033256869, guid: 8c9f2637f4c1db7469b69919fb6684a1,
        type: 3}
      propertyPath: m_LocalEulerAnglesHint.z
      value: 90
      objectReference: {fileID: 0}
    m_RemovedComponents: []
  m_SourcePrefab: {fileID: 100100000, guid: 8c9f2637f4c1db7469b69919fb6684a1, type: 3}
--- !u!4 &4410366864620329964 stripped
Transform:
  m_CorrespondingSourceObject: {fileID: 9137670474033256869, guid: 8c9f2637f4c1db7469b69919fb6684a1,
    type: 3}
  m_PrefabInstance: {fileID: 4898583417681789513}
  m_PrefabAsset: {fileID: 0}
--- !u!1001 &5520946175249788233
PrefabInstance:
  m_ObjectHideFlags: 0
  serializedVersion: 2
  m_Modification:
    m_TransformParent: {fileID: 5964566016585364300}
    m_Modifications:
    - target: {fileID: 3973742158426413261, guid: 8c9f2637f4c1db7469b69919fb6684a1,
        type: 3}
      propertyPath: m_Name
      value: RedCell_NoScript (2)
      objectReference: {fileID: 0}
    - target: {fileID: 9137670474033256869, guid: 8c9f2637f4c1db7469b69919fb6684a1,
        type: 3}
      propertyPath: m_RootOrder
      value: 2
      objectReference: {fileID: 0}
    - target: {fileID: 9137670474033256869, guid: 8c9f2637f4c1db7469b69919fb6684a1,
        type: 3}
      propertyPath: m_LocalPosition.x
      value: 24.77
      objectReference: {fileID: 0}
    - target: {fileID: 9137670474033256869, guid: 8c9f2637f4c1db7469b69919fb6684a1,
        type: 3}
      propertyPath: m_LocalPosition.y
      value: 1.59
      objectReference: {fileID: 0}
    - target: {fileID: 9137670474033256869, guid: 8c9f2637f4c1db7469b69919fb6684a1,
        type: 3}
      propertyPath: m_LocalPosition.z
      value: 0
      objectReference: {fileID: 0}
    - target: {fileID: 9137670474033256869, guid: 8c9f2637f4c1db7469b69919fb6684a1,
        type: 3}
      propertyPath: m_LocalRotation.w
      value: 0.7071068
      objectReference: {fileID: 0}
    - target: {fileID: 9137670474033256869, guid: 8c9f2637f4c1db7469b69919fb6684a1,
        type: 3}
      propertyPath: m_LocalRotation.x
      value: 0
      objectReference: {fileID: 0}
    - target: {fileID: 9137670474033256869, guid: 8c9f2637f4c1db7469b69919fb6684a1,
        type: 3}
      propertyPath: m_LocalRotation.y
      value: 0
      objectReference: {fileID: 0}
    - target: {fileID: 9137670474033256869, guid: 8c9f2637f4c1db7469b69919fb6684a1,
        type: 3}
      propertyPath: m_LocalRotation.z
      value: 0.7071068
      objectReference: {fileID: 0}
    - target: {fileID: 9137670474033256869, guid: 8c9f2637f4c1db7469b69919fb6684a1,
        type: 3}
      propertyPath: m_LocalEulerAnglesHint.x
      value: 0
      objectReference: {fileID: 0}
    - target: {fileID: 9137670474033256869, guid: 8c9f2637f4c1db7469b69919fb6684a1,
        type: 3}
      propertyPath: m_LocalEulerAnglesHint.y
      value: 0
      objectReference: {fileID: 0}
    - target: {fileID: 9137670474033256869, guid: 8c9f2637f4c1db7469b69919fb6684a1,
        type: 3}
      propertyPath: m_LocalEulerAnglesHint.z
      value: 90
      objectReference: {fileID: 0}
    m_RemovedComponents: []
  m_SourcePrefab: {fileID: 100100000, guid: 8c9f2637f4c1db7469b69919fb6684a1, type: 3}
--- !u!4 &3625909705106486508 stripped
Transform:
  m_CorrespondingSourceObject: {fileID: 9137670474033256869, guid: 8c9f2637f4c1db7469b69919fb6684a1,
    type: 3}
  m_PrefabInstance: {fileID: 5520946175249788233}
  m_PrefabAsset: {fileID: 0}
--- !u!1001 &7323517958004888616
PrefabInstance:
  m_ObjectHideFlags: 0
  serializedVersion: 2
  m_Modification:
    m_TransformParent: {fileID: 5964566016585364300}
    m_Modifications:
    - target: {fileID: 2482885116711539771, guid: e89ead7f4485af4458249ae109fc8388,
        type: 3}
      propertyPath: m_Name
      value: WhiteCell_1 1 (3)
      objectReference: {fileID: 0}
    - target: {fileID: 2729825398533576017, guid: e89ead7f4485af4458249ae109fc8388,
        type: 3}
      propertyPath: m_RootOrder
      value: 9
      objectReference: {fileID: 0}
    - target: {fileID: 2729825398533576017, guid: e89ead7f4485af4458249ae109fc8388,
        type: 3}
      propertyPath: m_LocalPosition.x
      value: 77.96
      objectReference: {fileID: 0}
    - target: {fileID: 2729825398533576017, guid: e89ead7f4485af4458249ae109fc8388,
        type: 3}
      propertyPath: m_LocalPosition.y
      value: -1.59
      objectReference: {fileID: 0}
    - target: {fileID: 2729825398533576017, guid: e89ead7f4485af4458249ae109fc8388,
        type: 3}
      propertyPath: m_LocalPosition.z
      value: 0
      objectReference: {fileID: 0}
    - target: {fileID: 2729825398533576017, guid: e89ead7f4485af4458249ae109fc8388,
        type: 3}
      propertyPath: m_LocalRotation.w
      value: 1
      objectReference: {fileID: 0}
    - target: {fileID: 2729825398533576017, guid: e89ead7f4485af4458249ae109fc8388,
        type: 3}
      propertyPath: m_LocalRotation.x
      value: 0
      objectReference: {fileID: 0}
    - target: {fileID: 2729825398533576017, guid: e89ead7f4485af4458249ae109fc8388,
        type: 3}
      propertyPath: m_LocalRotation.y
      value: 0
      objectReference: {fileID: 0}
    - target: {fileID: 2729825398533576017, guid: e89ead7f4485af4458249ae109fc8388,
        type: 3}
      propertyPath: m_LocalRotation.z
      value: 0
      objectReference: {fileID: 0}
    - target: {fileID: 2729825398533576017, guid: e89ead7f4485af4458249ae109fc8388,
        type: 3}
      propertyPath: m_LocalEulerAnglesHint.x
      value: 0
      objectReference: {fileID: 0}
    - target: {fileID: 2729825398533576017, guid: e89ead7f4485af4458249ae109fc8388,
        type: 3}
      propertyPath: m_LocalEulerAnglesHint.y
      value: 0
      objectReference: {fileID: 0}
    - target: {fileID: 2729825398533576017, guid: e89ead7f4485af4458249ae109fc8388,
        type: 3}
      propertyPath: m_LocalEulerAnglesHint.z
      value: 0
      objectReference: {fileID: 0}
    m_RemovedComponents: []
  m_SourcePrefab: {fileID: 100100000, guid: e89ead7f4485af4458249ae109fc8388, type: 3}
--- !u!4 &4629724036631200121 stripped
Transform:
  m_CorrespondingSourceObject: {fileID: 2729825398533576017, guid: e89ead7f4485af4458249ae109fc8388,
    type: 3}
  m_PrefabInstance: {fileID: 7323517958004888616}
  m_PrefabAsset: {fileID: 0}
--- !u!1001 &7551230271711675179
PrefabInstance:
  m_ObjectHideFlags: 0
  serializedVersion: 2
  m_Modification:
    m_TransformParent: {fileID: 5964566016585364300}
    m_Modifications:
    - target: {fileID: 954595374769052826, guid: 27efb5e696e89fd42a8624812fbab43d,
        type: 3}
      propertyPath: m_Name
      value: PurpleDude_NoScript
      objectReference: {fileID: 0}
    - target: {fileID: 6613815246583156057, guid: 27efb5e696e89fd42a8624812fbab43d,
        type: 3}
      propertyPath: m_RootOrder
      value: 12
      objectReference: {fileID: 0}
    - target: {fileID: 6613815246583156057, guid: 27efb5e696e89fd42a8624812fbab43d,
        type: 3}
      propertyPath: m_LocalPosition.x
      value: 114.2
      objectReference: {fileID: 0}
    - target: {fileID: 6613815246583156057, guid: 27efb5e696e89fd42a8624812fbab43d,
        type: 3}
      propertyPath: m_LocalPosition.y
      value: 1.7
      objectReference: {fileID: 0}
    - target: {fileID: 6613815246583156057, guid: 27efb5e696e89fd42a8624812fbab43d,
        type: 3}
      propertyPath: m_LocalPosition.z
      value: 0
      objectReference: {fileID: 0}
    - target: {fileID: 6613815246583156057, guid: 27efb5e696e89fd42a8624812fbab43d,
        type: 3}
      propertyPath: m_LocalRotation.w
      value: 1
      objectReference: {fileID: 0}
    - target: {fileID: 6613815246583156057, guid: 27efb5e696e89fd42a8624812fbab43d,
        type: 3}
      propertyPath: m_LocalRotation.x
      value: 0
      objectReference: {fileID: 0}
    - target: {fileID: 6613815246583156057, guid: 27efb5e696e89fd42a8624812fbab43d,
        type: 3}
      propertyPath: m_LocalRotation.y
      value: 0
      objectReference: {fileID: 0}
    - target: {fileID: 6613815246583156057, guid: 27efb5e696e89fd42a8624812fbab43d,
        type: 3}
      propertyPath: m_LocalRotation.z
      value: 0
      objectReference: {fileID: 0}
    - target: {fileID: 6613815246583156057, guid: 27efb5e696e89fd42a8624812fbab43d,
        type: 3}
      propertyPath: m_LocalEulerAnglesHint.x
      value: 0
      objectReference: {fileID: 0}
    - target: {fileID: 6613815246583156057, guid: 27efb5e696e89fd42a8624812fbab43d,
        type: 3}
      propertyPath: m_LocalEulerAnglesHint.y
      value: 0
      objectReference: {fileID: 0}
    - target: {fileID: 6613815246583156057, guid: 27efb5e696e89fd42a8624812fbab43d,
        type: 3}
      propertyPath: m_LocalEulerAnglesHint.z
      value: 0
      objectReference: {fileID: 0}
    m_RemovedComponents: []
  m_SourcePrefab: {fileID: 100100000, guid: 27efb5e696e89fd42a8624812fbab43d, type: 3}
--- !u!4 &3675964241206824562 stripped
Transform:
  m_CorrespondingSourceObject: {fileID: 6613815246583156057, guid: 27efb5e696e89fd42a8624812fbab43d,
    type: 3}
  m_PrefabInstance: {fileID: 7551230271711675179}
  m_PrefabAsset: {fileID: 0}
--- !u!1001 &7804665586678768028
PrefabInstance:
  m_ObjectHideFlags: 0
  serializedVersion: 2
  m_Modification:
    m_TransformParent: {fileID: 5964566016585364300}
    m_Modifications:
    - target: {fileID: 3973742158426413261, guid: 8c9f2637f4c1db7469b69919fb6684a1,
        type: 3}
      propertyPath: m_Name
      value: RedCell_NoScript (1)
      objectReference: {fileID: 0}
    - target: {fileID: 9137670474033256869, guid: 8c9f2637f4c1db7469b69919fb6684a1,
        type: 3}
      propertyPath: m_RootOrder
      value: 1
      objectReference: {fileID: 0}
    - target: {fileID: 9137670474033256869, guid: 8c9f2637f4c1db7469b69919fb6684a1,
        type: 3}
      propertyPath: m_LocalPosition.x
      value: -7.72
      objectReference: {fileID: 0}
    - target: {fileID: 9137670474033256869, guid: 8c9f2637f4c1db7469b69919fb6684a1,
        type: 3}
      propertyPath: m_LocalPosition.y
      value: 0
      objectReference: {fileID: 0}
    - target: {fileID: 9137670474033256869, guid: 8c9f2637f4c1db7469b69919fb6684a1,
        type: 3}
      propertyPath: m_LocalPosition.z
      value: 0
      objectReference: {fileID: 0}
    - target: {fileID: 9137670474033256869, guid: 8c9f2637f4c1db7469b69919fb6684a1,
        type: 3}
      propertyPath: m_LocalRotation.w
      value: 0.7071068
      objectReference: {fileID: 0}
    - target: {fileID: 9137670474033256869, guid: 8c9f2637f4c1db7469b69919fb6684a1,
        type: 3}
      propertyPath: m_LocalRotation.x
      value: 0
      objectReference: {fileID: 0}
    - target: {fileID: 9137670474033256869, guid: 8c9f2637f4c1db7469b69919fb6684a1,
        type: 3}
      propertyPath: m_LocalRotation.y
      value: 0
      objectReference: {fileID: 0}
    - target: {fileID: 9137670474033256869, guid: 8c9f2637f4c1db7469b69919fb6684a1,
        type: 3}
      propertyPath: m_LocalRotation.z
      value: 0.7071068
      objectReference: {fileID: 0}
    - target: {fileID: 9137670474033256869, guid: 8c9f2637f4c1db7469b69919fb6684a1,
        type: 3}
      propertyPath: m_LocalEulerAnglesHint.x
      value: 0
      objectReference: {fileID: 0}
    - target: {fileID: 9137670474033256869, guid: 8c9f2637f4c1db7469b69919fb6684a1,
        type: 3}
      propertyPath: m_LocalEulerAnglesHint.y
      value: 0
      objectReference: {fileID: 0}
    - target: {fileID: 9137670474033256869, guid: 8c9f2637f4c1db7469b69919fb6684a1,
        type: 3}
      propertyPath: m_LocalEulerAnglesHint.z
      value: 90
      objectReference: {fileID: 0}
    m_RemovedComponents: []
  m_SourcePrefab: {fileID: 100100000, guid: 8c9f2637f4c1db7469b69919fb6684a1, type: 3}
--- !u!4 &1333128032946747449 stripped
Transform:
  m_CorrespondingSourceObject: {fileID: 9137670474033256869, guid: 8c9f2637f4c1db7469b69919fb6684a1,
    type: 3}
  m_PrefabInstance: {fileID: 7804665586678768028}
  m_PrefabAsset: {fileID: 0}
--- !u!1001 &8706945946390539763
PrefabInstance:
  m_ObjectHideFlags: 0
  serializedVersion: 2
  m_Modification:
    m_TransformParent: {fileID: 6131459148536866152}
    m_Modifications:
    - target: {fileID: 164619860539472083, guid: 8194c9e97f643c44d894f991fc09c736,
        type: 3}
      propertyPath: m_Materials.Array.data[0]
      value: 
      objectReference: {fileID: 2100000, guid: 7e17580e74dcee747b9bb150735b16de, type: 2}
    - target: {fileID: 3099020376189394820, guid: 8194c9e97f643c44d894f991fc09c736,
        type: 3}
      propertyPath: m_Materials.Array.data[0]
      value: 
      objectReference: {fileID: 2100000, guid: 7e17580e74dcee747b9bb150735b16de, type: 2}
    - target: {fileID: 6169486950579252814, guid: 8194c9e97f643c44d894f991fc09c736,
        type: 3}
      propertyPath: m_Materials.Array.data[0]
      value: 
      objectReference: {fileID: 2100000, guid: 7e17580e74dcee747b9bb150735b16de, type: 2}
    - target: {fileID: 6380565197091659066, guid: 8194c9e97f643c44d894f991fc09c736,
        type: 3}
      propertyPath: m_RootOrder
      value: 0
      objectReference: {fileID: 0}
    - target: {fileID: 6380565197091659066, guid: 8194c9e97f643c44d894f991fc09c736,
        type: 3}
      propertyPath: m_LocalPosition.x
      value: 34.4
      objectReference: {fileID: 0}
    - target: {fileID: 6380565197091659066, guid: 8194c9e97f643c44d894f991fc09c736,
        type: 3}
      propertyPath: m_LocalPosition.y
      value: 5.7
      objectReference: {fileID: 0}
    - target: {fileID: 6380565197091659066, guid: 8194c9e97f643c44d894f991fc09c736,
        type: 3}
      propertyPath: m_LocalPosition.z
      value: -0.46
      objectReference: {fileID: 0}
    - target: {fileID: 6380565197091659066, guid: 8194c9e97f643c44d894f991fc09c736,
        type: 3}
      propertyPath: m_LocalRotation.w
      value: 1
      objectReference: {fileID: 0}
    - target: {fileID: 6380565197091659066, guid: 8194c9e97f643c44d894f991fc09c736,
        type: 3}
      propertyPath: m_LocalRotation.x
      value: -0
      objectReference: {fileID: 0}
    - target: {fileID: 6380565197091659066, guid: 8194c9e97f643c44d894f991fc09c736,
        type: 3}
      propertyPath: m_LocalRotation.y
      value: -0
      objectReference: {fileID: 0}
    - target: {fileID: 6380565197091659066, guid: 8194c9e97f643c44d894f991fc09c736,
        type: 3}
      propertyPath: m_LocalRotation.z
      value: -0
      objectReference: {fileID: 0}
    - target: {fileID: 6380565197091659066, guid: 8194c9e97f643c44d894f991fc09c736,
        type: 3}
      propertyPath: m_LocalEulerAnglesHint.x
      value: 0
      objectReference: {fileID: 0}
    - target: {fileID: 6380565197091659066, guid: 8194c9e97f643c44d894f991fc09c736,
        type: 3}
      propertyPath: m_LocalEulerAnglesHint.y
      value: 0
      objectReference: {fileID: 0}
    - target: {fileID: 6380565197091659066, guid: 8194c9e97f643c44d894f991fc09c736,
        type: 3}
      propertyPath: m_LocalEulerAnglesHint.z
      value: 0
      objectReference: {fileID: 0}
    - target: {fileID: 9172365616942248235, guid: 8194c9e97f643c44d894f991fc09c736,
        type: 3}
      propertyPath: m_Name
      value: vein_long
      objectReference: {fileID: 0}
    m_RemovedComponents: []
  m_SourcePrefab: {fileID: 100100000, guid: 8194c9e97f643c44d894f991fc09c736, type: 3}
--- !u!4 &2330924008750248137 stripped
Transform:
  m_CorrespondingSourceObject: {fileID: 6380565197091659066, guid: 8194c9e97f643c44d894f991fc09c736,
    type: 3}
  m_PrefabInstance: {fileID: 8706945946390539763}
  m_PrefabAsset: {fileID: 0}
