%YAML 1.1
%TAG !u! tag:unity3d.com,2011:
--- !u!1 &509185080813506621
GameObject:
  m_ObjectHideFlags: 0
  m_CorrespondingSourceObject: {fileID: 0}
  m_PrefabInstance: {fileID: 0}
  m_PrefabAsset: {fileID: 0}
  serializedVersion: 6
  m_Component:
  - component: {fileID: 1791425956507900934}
  - component: {fileID: 245543673631649859}
  - component: {fileID: 7560454572277543191}
  - component: {fileID: 2375667078356309610}
  m_Layer: 9
  m_Name: Canvas BossHP
  m_TagString: Untagged
  m_Icon: {fileID: 0}
  m_NavMeshLayer: 0
  m_StaticEditorFlags: 0
  m_IsActive: 1
--- !u!224 &1791425956507900934
RectTransform:
  m_ObjectHideFlags: 0
  m_CorrespondingSourceObject: {fileID: 0}
  m_PrefabInstance: {fileID: 0}
  m_PrefabAsset: {fileID: 0}
  m_GameObject: {fileID: 509185080813506621}
  m_LocalRotation: {x: -0, y: -0, z: -0, w: 1}
  m_LocalPosition: {x: 0, y: 0, z: -1.44}
  m_LocalScale: {x: 1, y: 1, z: 1}
  m_ConstrainProportionsScale: 0
  m_Children:
  - {fileID: 6437494832749019522}
  m_Father: {fileID: 1861276169643220256}
  m_RootOrder: 4
  m_LocalEulerAnglesHint: {x: 0, y: 0, z: 0}
  m_AnchorMin: {x: 0, y: 0}
  m_AnchorMax: {x: 0, y: 0}
  m_AnchoredPosition: {x: -0.33, y: 0}
  m_SizeDelta: {x: 10, y: 10}
  m_Pivot: {x: 0.5, y: 0.5}
--- !u!223 &245543673631649859
Canvas:
  m_ObjectHideFlags: 0
  m_CorrespondingSourceObject: {fileID: 0}
  m_PrefabInstance: {fileID: 0}
  m_PrefabAsset: {fileID: 0}
  m_GameObject: {fileID: 509185080813506621}
  m_Enabled: 1
  serializedVersion: 3
  m_RenderMode: 2
  m_Camera: {fileID: 0}
  m_PlaneDistance: 100
  m_PixelPerfect: 0
  m_ReceivesEvents: 1
  m_OverrideSorting: 0
  m_OverridePixelPerfect: 0
  m_SortingBucketNormalizedSize: 0
  m_AdditionalShaderChannelsFlag: 25
  m_SortingLayerID: 0
  m_SortingOrder: 0
  m_TargetDisplay: 0
--- !u!114 &7560454572277543191
MonoBehaviour:
  m_ObjectHideFlags: 0
  m_CorrespondingSourceObject: {fileID: 0}
  m_PrefabInstance: {fileID: 0}
  m_PrefabAsset: {fileID: 0}
  m_GameObject: {fileID: 509185080813506621}
  m_Enabled: 1
  m_EditorHideFlags: 0
  m_Script: {fileID: 11500000, guid: 0cd44c1031e13a943bb63640046fad76, type: 3}
  m_Name: 
  m_EditorClassIdentifier: 
  m_UiScaleMode: 0
  m_ReferencePixelsPerUnit: 100
  m_ScaleFactor: 1
  m_ReferenceResolution: {x: 800, y: 600}
  m_ScreenMatchMode: 0
  m_MatchWidthOrHeight: 0
  m_PhysicalUnit: 3
  m_FallbackScreenDPI: 96
  m_DefaultSpriteDPI: 96
  m_DynamicPixelsPerUnit: 1
  m_PresetInfoIsWorld: 1
--- !u!114 &2375667078356309610
MonoBehaviour:
  m_ObjectHideFlags: 0
  m_CorrespondingSourceObject: {fileID: 0}
  m_PrefabInstance: {fileID: 0}
  m_PrefabAsset: {fileID: 0}
  m_GameObject: {fileID: 509185080813506621}
  m_Enabled: 1
  m_EditorHideFlags: 0
  m_Script: {fileID: 11500000, guid: dc42784cf147c0c48a680349fa168899, type: 3}
  m_Name: 
  m_EditorClassIdentifier: 
  m_IgnoreReversedGraphics: 1
  m_BlockingObjects: 0
  m_BlockingMask:
    serializedVersion: 2
    m_Bits: 4294967295
--- !u!1 &1766116388759371164
GameObject:
  m_ObjectHideFlags: 0
  m_CorrespondingSourceObject: {fileID: 0}
  m_PrefabInstance: {fileID: 0}
  m_PrefabAsset: {fileID: 0}
  serializedVersion: 6
  m_Component:
  - component: {fileID: 5207521991078952317}
  - component: {fileID: 742616419726381818}
  - component: {fileID: 1166072811703586342}
  m_Layer: 9
  m_Name: Text (TMP)
  m_TagString: Untagged
  m_Icon: {fileID: 0}
  m_NavMeshLayer: 0
  m_StaticEditorFlags: 0
  m_IsActive: 1
--- !u!224 &5207521991078952317
RectTransform:
  m_ObjectHideFlags: 0
  m_CorrespondingSourceObject: {fileID: 0}
  m_PrefabInstance: {fileID: 0}
  m_PrefabAsset: {fileID: 0}
  m_GameObject: {fileID: 1766116388759371164}
  m_LocalRotation: {x: -0, y: -0, z: -0, w: 1}
  m_LocalPosition: {x: 0, y: 0, z: 0}
  m_LocalScale: {x: 0.0054248376, y: 0.0054248376, z: 0.0054248376}
  m_ConstrainProportionsScale: 0
  m_Children: []
  m_Father: {fileID: 6437494832749019522}
  m_RootOrder: 2
  m_LocalEulerAnglesHint: {x: 0, y: 0, z: 0}
  m_AnchorMin: {x: 0.5, y: 0.5}
  m_AnchorMax: {x: 0.5, y: 0.5}
  m_AnchoredPosition: {x: 0.24773383, y: -0.023872733}
  m_SizeDelta: {x: 200, y: 50}
  m_Pivot: {x: 0.5, y: 0.5}
--- !u!222 &742616419726381818
CanvasRenderer:
  m_ObjectHideFlags: 0
  m_CorrespondingSourceObject: {fileID: 0}
  m_PrefabInstance: {fileID: 0}
  m_PrefabAsset: {fileID: 0}
  m_GameObject: {fileID: 1766116388759371164}
  m_CullTransparentMesh: 1
--- !u!114 &1166072811703586342
MonoBehaviour:
  m_ObjectHideFlags: 0
  m_CorrespondingSourceObject: {fileID: 0}
  m_PrefabInstance: {fileID: 0}
  m_PrefabAsset: {fileID: 0}
  m_GameObject: {fileID: 1766116388759371164}
  m_Enabled: 1
  m_EditorHideFlags: 0
  m_Script: {fileID: 11500000, guid: f4688fdb7df04437aeb418b961361dc5, type: 3}
  m_Name: 
  m_EditorClassIdentifier: 
  m_Material: {fileID: 0}
  m_Color: {r: 1, g: 1, b: 1, a: 1}
  m_RaycastTarget: 1
  m_RaycastPadding: {x: 0, y: 0, z: 0, w: 0}
  m_Maskable: 1
  m_OnCullStateChanged:
    m_PersistentCalls:
      m_Calls: []
  m_text: 'BOSS

'
  m_isRightToLeft: 0
  m_fontAsset: {fileID: 11400000, guid: 679a6cec3d199d045836f7101438ebe1, type: 2}
  m_sharedMaterial: {fileID: -5231094428271812040, guid: 679a6cec3d199d045836f7101438ebe1,
    type: 2}
  m_fontSharedMaterials: []
  m_fontMaterial: {fileID: 0}
  m_fontMaterials: []
  m_fontColor32:
    serializedVersion: 2
    rgba: 4294967295
  m_fontColor: {r: 1, g: 1, b: 1, a: 1}
  m_enableVertexGradient: 0
  m_colorMode: 3
  m_fontColorGradient:
    topLeft: {r: 1, g: 1, b: 1, a: 1}
    topRight: {r: 1, g: 1, b: 1, a: 1}
    bottomLeft: {r: 1, g: 1, b: 1, a: 1}
    bottomRight: {r: 1, g: 1, b: 1, a: 1}
  m_fontColorGradientPreset: {fileID: 0}
  m_spriteAsset: {fileID: 0}
  m_tintAllSprites: 0
  m_StyleSheet: {fileID: 0}
  m_TextStyleHashCode: -1183493901
  m_overrideHtmlColors: 0
  m_faceColor:
    serializedVersion: 2
    rgba: 4294967295
  m_fontSize: 36
  m_fontSizeBase: 36
  m_fontWeight: 400
  m_enableAutoSizing: 0
  m_fontSizeMin: 18
  m_fontSizeMax: 72
  m_fontStyle: 0
  m_HorizontalAlignment: 1
  m_VerticalAlignment: 256
  m_textAlignment: 65535
  m_characterSpacing: 0
  m_wordSpacing: 0
  m_lineSpacing: 0
  m_lineSpacingMax: 0
  m_paragraphSpacing: 0
  m_charWidthMaxAdj: 0
  m_enableWordWrapping: 1
  m_wordWrappingRatios: 0.4
  m_overflowMode: 0
  m_linkedTextComponent: {fileID: 0}
  parentLinkedComponent: {fileID: 0}
  m_enableKerning: 1
  m_enableExtraPadding: 0
  checkPaddingRequired: 0
  m_isRichText: 1
  m_parseCtrlCharacters: 1
  m_isOrthographic: 1
  m_isCullingEnabled: 0
  m_horizontalMapping: 0
  m_verticalMapping: 0
  m_uvLineOffset: 0
  m_geometrySortingOrder: 0
  m_IsTextObjectScaleStatic: 0
  m_VertexBufferAutoSizeReduction: 0
  m_useMaxVisibleDescender: 1
  m_pageToDisplay: 1
  m_margin: {x: 0, y: 0, z: -4.8514633, w: 0}
  m_isUsingLegacyAnimationComponent: 0
  m_isVolumetricText: 0
  m_hasFontAssetChanged: 0
  m_baseMaterial: {fileID: 0}
  m_maskOffset: {x: 0, y: 0, z: 0, w: 0}
--- !u!1 &2473424071838478390
GameObject:
  m_ObjectHideFlags: 0
  m_CorrespondingSourceObject: {fileID: 0}
  m_PrefabInstance: {fileID: 0}
  m_PrefabAsset: {fileID: 0}
  serializedVersion: 6
  m_Component:
  - component: {fileID: 1861276169643220256}
  - component: {fileID: 2255082217015351371}
  - component: {fileID: 3033395752502906880}
  m_Layer: 9
  m_Name: Boss
  m_TagString: Enemy
  m_Icon: {fileID: 0}
  m_NavMeshLayer: 0
  m_StaticEditorFlags: 0
  m_IsActive: 1
--- !u!4 &1861276169643220256
Transform:
  m_ObjectHideFlags: 0
  m_CorrespondingSourceObject: {fileID: 0}
  m_PrefabInstance: {fileID: 0}
  m_PrefabAsset: {fileID: 0}
  m_GameObject: {fileID: 2473424071838478390}
  m_LocalRotation: {x: 0, y: 0, z: 0, w: 1}
  m_LocalPosition: {x: 0, y: 0, z: 0}
  m_LocalScale: {x: 1, y: 1, z: 1}
  m_ConstrainProportionsScale: 0
  m_Children:
  - {fileID: 6632441911552474433}
  - {fileID: 6442193606512282008}
  - {fileID: 6947395462679893375}
  - {fileID: 173632833530306100}
  - {fileID: 1791425956507900934}
  m_Father: {fileID: 5459617787578155146}
  m_RootOrder: 0
  m_LocalEulerAnglesHint: {x: 0, y: 0, z: 0}
--- !u!135 &2255082217015351371
SphereCollider:
  m_ObjectHideFlags: 0
  m_CorrespondingSourceObject: {fileID: 0}
  m_PrefabInstance: {fileID: 0}
  m_PrefabAsset: {fileID: 0}
  m_GameObject: {fileID: 2473424071838478390}
  m_Material: {fileID: 0}
  m_IsTrigger: 1
  m_Enabled: 1
  serializedVersion: 2
  m_Radius: 3.1
  m_Center: {x: 1, y: 0, z: 0}
--- !u!114 &3033395752502906880
MonoBehaviour:
  m_ObjectHideFlags: 0
  m_CorrespondingSourceObject: {fileID: 0}
  m_PrefabInstance: {fileID: 0}
  m_PrefabAsset: {fileID: 0}
  m_GameObject: {fileID: 2473424071838478390}
  m_Enabled: 1
  m_EditorHideFlags: 0
  m_Script: {fileID: 11500000, guid: ac3150f965ae8c04caf7a41328938077, type: 3}
  m_Name: 
  m_EditorClassIdentifier: 
  esConfig: {fileID: 11400000, guid: ea60765ccf700074da4746a7155a0dac, type: 2}
  currentHP: 0
  bulletSpawn1: {fileID: 6442193606512282008}
  bulletSpawn2: {fileID: 6947395462679893375}
  bulletSpawn3: {fileID: 173632833530306100}
  bulletPrefab: {fileID: 5269261636313120293, guid: b0515a26697053643852ff17d79ef070,
    type: 3}
  hpBar: {fileID: 3948928059575254117}
  ps: {fileID: 7996133966027023238}
--- !u!1 &3978466494847695407
GameObject:
  m_ObjectHideFlags: 0
  m_CorrespondingSourceObject: {fileID: 0}
  m_PrefabInstance: {fileID: 0}
  m_PrefabAsset: {fileID: 0}
  serializedVersion: 6
  m_Component:
  - component: {fileID: 9005686601916219937}
  - component: {fileID: 1500875083855436952}
  - component: {fileID: 8656303685886278777}
  m_Layer: 9
  m_Name: Back
  m_TagString: Untagged
  m_Icon: {fileID: 0}
  m_NavMeshLayer: 0
  m_StaticEditorFlags: 0
  m_IsActive: 1
--- !u!224 &9005686601916219937
RectTransform:
  m_ObjectHideFlags: 0
  m_CorrespondingSourceObject: {fileID: 0}
  m_PrefabInstance: {fileID: 0}
  m_PrefabAsset: {fileID: 0}
  m_GameObject: {fileID: 3978466494847695407}
  m_LocalRotation: {x: -0, y: -0, z: -0, w: 1}
  m_LocalPosition: {x: 0, y: 0, z: 0}
  m_LocalScale: {x: 1, y: 1, z: 1}
  m_ConstrainProportionsScale: 0
  m_Children: []
  m_Father: {fileID: 6437494832749019522}
  m_RootOrder: 1
  m_LocalEulerAnglesHint: {x: 0, y: 0, z: 0}
  m_AnchorMin: {x: 0.5, y: 0.5}
  m_AnchorMax: {x: 0.5, y: 0.5}
  m_AnchoredPosition: {x: 0, y: 0}
  m_SizeDelta: {x: 2, y: 0.6}
  m_Pivot: {x: 0.5, y: 0.5}
--- !u!222 &1500875083855436952
CanvasRenderer:
  m_ObjectHideFlags: 0
  m_CorrespondingSourceObject: {fileID: 0}
  m_PrefabInstance: {fileID: 0}
  m_PrefabAsset: {fileID: 0}
  m_GameObject: {fileID: 3978466494847695407}
  m_CullTransparentMesh: 1
--- !u!114 &8656303685886278777
MonoBehaviour:
  m_ObjectHideFlags: 0
  m_CorrespondingSourceObject: {fileID: 0}
  m_PrefabInstance: {fileID: 0}
  m_PrefabAsset: {fileID: 0}
  m_GameObject: {fileID: 3978466494847695407}
  m_Enabled: 1
  m_EditorHideFlags: 0
  m_Script: {fileID: 11500000, guid: fe87c0e1cc204ed48ad3b37840f39efc, type: 3}
  m_Name: 
  m_EditorClassIdentifier: 
  m_Material: {fileID: 0}
  m_Color: {r: 1, g: 1, b: 1, a: 1}
  m_RaycastTarget: 1
  m_RaycastPadding: {x: 0, y: 0, z: 0, w: 0}
  m_Maskable: 1
  m_OnCullStateChanged:
    m_PersistentCalls:
      m_Calls: []
  m_Sprite: {fileID: -776793157, guid: f56a4122064d2cf42982d4977836283a, type: 3}
  m_Type: 0
  m_PreserveAspect: 0
  m_FillCenter: 1
  m_FillMethod: 4
  m_FillAmount: 1
  m_FillClockwise: 1
  m_FillOrigin: 0
  m_UseSpriteMesh: 0
  m_PixelsPerUnitMultiplier: 1
--- !u!1 &4353148360829486901
GameObject:
  m_ObjectHideFlags: 0
  m_CorrespondingSourceObject: {fileID: 0}
  m_PrefabInstance: {fileID: 0}
  m_PrefabAsset: {fileID: 0}
  serializedVersion: 6
  m_Component:
  - component: {fileID: 6437494832749019522}
  m_Layer: 9
  m_Name: HPBar
  m_TagString: Untagged
  m_Icon: {fileID: 0}
  m_NavMeshLayer: 0
  m_StaticEditorFlags: 0
  m_IsActive: 1
--- !u!224 &6437494832749019522
RectTransform:
  m_ObjectHideFlags: 0
  m_CorrespondingSourceObject: {fileID: 0}
  m_PrefabInstance: {fileID: 0}
  m_PrefabAsset: {fileID: 0}
  m_GameObject: {fileID: 4353148360829486901}
  m_LocalRotation: {x: 0, y: 0, z: 0, w: 1}
  m_LocalPosition: {x: 0, y: 0, z: 0}
  m_LocalScale: {x: 2.2201247, y: 2.2201247, z: 2.2201247}
  m_ConstrainProportionsScale: 0
  m_Children:
  - {fileID: 3825363140292953333}
  - {fileID: 9005686601916219937}
  - {fileID: 5207521991078952317}
  m_Father: {fileID: 1791425956507900934}
  m_RootOrder: 0
  m_LocalEulerAnglesHint: {x: 0, y: 0, z: 0}
  m_AnchorMin: {x: 0.5, y: 0.5}
  m_AnchorMax: {x: 0.5, y: 0.5}
  m_AnchoredPosition: {x: -0.62, y: 2.77}
  m_SizeDelta: {x: 2, y: 0.6000001}
  m_Pivot: {x: 0.5, y: 0.5}
--- !u!1 &6039359941875617122
GameObject:
  m_ObjectHideFlags: 0
  m_CorrespondingSourceObject: {fileID: 0}
  m_PrefabInstance: {fileID: 0}
  m_PrefabAsset: {fileID: 0}
  serializedVersion: 6
  m_Component:
  - component: {fileID: 173632833530306100}
  m_Layer: 9
  m_Name: BulletSpawn 3
  m_TagString: Untagged
  m_Icon: {fileID: 0}
  m_NavMeshLayer: 0
  m_StaticEditorFlags: 0
  m_IsActive: 1
--- !u!4 &173632833530306100
Transform:
  m_ObjectHideFlags: 0
  m_CorrespondingSourceObject: {fileID: 0}
  m_PrefabInstance: {fileID: 0}
  m_PrefabAsset: {fileID: 0}
  m_GameObject: {fileID: 6039359941875617122}
  m_LocalRotation: {x: -0, y: -0, z: -0, w: 1}
  m_LocalPosition: {x: -0.55, y: -2.14, z: 0}
  m_LocalScale: {x: 1, y: 1, z: 1}
  m_ConstrainProportionsScale: 0
  m_Children: []
  m_Father: {fileID: 1861276169643220256}
  m_RootOrder: 3
  m_LocalEulerAnglesHint: {x: 0, y: 0, z: 0}
--- !u!1 &6728807354792238789
GameObject:
  m_ObjectHideFlags: 0
  m_CorrespondingSourceObject: {fileID: 0}
  m_PrefabInstance: {fileID: 0}
  m_PrefabAsset: {fileID: 0}
  serializedVersion: 6
  m_Component:
  - component: {fileID: 6947395462679893375}
  m_Layer: 9
  m_Name: BulletSpawn 2
  m_TagString: Untagged
  m_Icon: {fileID: 0}
  m_NavMeshLayer: 0
  m_StaticEditorFlags: 0
  m_IsActive: 1
--- !u!4 &6947395462679893375
Transform:
  m_ObjectHideFlags: 0
  m_CorrespondingSourceObject: {fileID: 0}
  m_PrefabInstance: {fileID: 0}
  m_PrefabAsset: {fileID: 0}
  m_GameObject: {fileID: 6728807354792238789}
  m_LocalRotation: {x: -0, y: -0, z: -0, w: 1}
  m_LocalPosition: {x: -1.04, y: 1.8, z: 0}
  m_LocalScale: {x: 1, y: 1, z: 1}
  m_ConstrainProportionsScale: 0
  m_Children: []
  m_Father: {fileID: 1861276169643220256}
  m_RootOrder: 2
  m_LocalEulerAnglesHint: {x: 0, y: 0, z: 0}
--- !u!1 &6917000279746384731
GameObject:
  m_ObjectHideFlags: 0
  m_CorrespondingSourceObject: {fileID: 0}
  m_PrefabInstance: {fileID: 0}
  m_PrefabAsset: {fileID: 0}
  serializedVersion: 6
  m_Component:
  - component: {fileID: 3825363140292953333}
  - component: {fileID: 405605891077918412}
  - component: {fileID: 3948928059575254117}
  m_Layer: 9
  m_Name: Fill
  m_TagString: Untagged
  m_Icon: {fileID: 0}
  m_NavMeshLayer: 0
  m_StaticEditorFlags: 0
  m_IsActive: 1
--- !u!224 &3825363140292953333
RectTransform:
  m_ObjectHideFlags: 0
  m_CorrespondingSourceObject: {fileID: 0}
  m_PrefabInstance: {fileID: 0}
  m_PrefabAsset: {fileID: 0}
  m_GameObject: {fileID: 6917000279746384731}
  m_LocalRotation: {x: -0, y: -0, z: -0, w: 1}
  m_LocalPosition: {x: 0, y: 0, z: 0}
  m_LocalScale: {x: 1, y: 1, z: 1}
  m_ConstrainProportionsScale: 0
  m_Children: []
  m_Father: {fileID: 6437494832749019522}
  m_RootOrder: 0
  m_LocalEulerAnglesHint: {x: 0, y: 0, z: 0}
  m_AnchorMin: {x: 0.5, y: 0.5}
  m_AnchorMax: {x: 0.5, y: 0.5}
  m_AnchoredPosition: {x: 0, y: 0}
  m_SizeDelta: {x: 0.9, y: 0.3}
  m_Pivot: {x: 0.5, y: 0.5}
--- !u!222 &405605891077918412
CanvasRenderer:
  m_ObjectHideFlags: 0
  m_CorrespondingSourceObject: {fileID: 0}
  m_PrefabInstance: {fileID: 0}
  m_PrefabAsset: {fileID: 0}
  m_GameObject: {fileID: 6917000279746384731}
  m_CullTransparentMesh: 1
--- !u!114 &3948928059575254117
MonoBehaviour:
  m_ObjectHideFlags: 0
  m_CorrespondingSourceObject: {fileID: 0}
  m_PrefabInstance: {fileID: 0}
  m_PrefabAsset: {fileID: 0}
  m_GameObject: {fileID: 6917000279746384731}
  m_Enabled: 1
  m_EditorHideFlags: 0
  m_Script: {fileID: 11500000, guid: fe87c0e1cc204ed48ad3b37840f39efc, type: 3}
  m_Name: 
  m_EditorClassIdentifier: 
  m_Material: {fileID: 0}
  m_Color: {r: 1, g: 1, b: 1, a: 1}
  m_RaycastTarget: 1
  m_RaycastPadding: {x: 0, y: 0, z: 0, w: 0}
  m_Maskable: 1
  m_OnCullStateChanged:
    m_PersistentCalls:
      m_Calls: []
  m_Sprite: {fileID: 801504869, guid: f56a4122064d2cf42982d4977836283a, type: 3}
  m_Type: 3
  m_PreserveAspect: 0
  m_FillCenter: 1
  m_FillMethod: 0
  m_FillAmount: 1
  m_FillClockwise: 1
  m_FillOrigin: 0
  m_UseSpriteMesh: 0
  m_PixelsPerUnitMultiplier: 1
--- !u!1 &6919214180224381326
GameObject:
  m_ObjectHideFlags: 0
  m_CorrespondingSourceObject: {fileID: 0}
  m_PrefabInstance: {fileID: 0}
  m_PrefabAsset: {fileID: 0}
  serializedVersion: 6
  m_Component:
  - component: {fileID: 5459617787578155146}
  m_Layer: 9
  m_Name: Boss_Old
  m_TagString: Untagged
  m_Icon: {fileID: 0}
  m_NavMeshLayer: 0
  m_StaticEditorFlags: 0
  m_IsActive: 1
--- !u!4 &5459617787578155146
Transform:
  m_ObjectHideFlags: 0
  m_CorrespondingSourceObject: {fileID: 0}
  m_PrefabInstance: {fileID: 0}
  m_PrefabAsset: {fileID: 0}
  m_GameObject: {fileID: 6919214180224381326}
  m_LocalRotation: {x: 0, y: 0, z: 0, w: 1}
  m_LocalPosition: {x: 0, y: 0, z: 0}
  m_LocalScale: {x: 1, y: 1, z: 1}
  m_ConstrainProportionsScale: 0
  m_Children:
  - {fileID: 1861276169643220256}
  - {fileID: 1437247177223930585}
  m_Father: {fileID: 0}
  m_RootOrder: 0
  m_LocalEulerAnglesHint: {x: 0, y: 0, z: 0}
--- !u!1 &8526200983417476453
GameObject:
  m_ObjectHideFlags: 0
  m_CorrespondingSourceObject: {fileID: 0}
  m_PrefabInstance: {fileID: 0}
  m_PrefabAsset: {fileID: 0}
  serializedVersion: 6
  m_Component:
  - component: {fileID: 6442193606512282008}
  m_Layer: 9
  m_Name: BulletSpawn 1
  m_TagString: Untagged
  m_Icon: {fileID: 0}
  m_NavMeshLayer: 0
  m_StaticEditorFlags: 0
  m_IsActive: 1
--- !u!4 &6442193606512282008
Transform:
  m_ObjectHideFlags: 0
  m_CorrespondingSourceObject: {fileID: 0}
  m_PrefabInstance: {fileID: 0}
  m_PrefabAsset: {fileID: 0}
  m_GameObject: {fileID: 8526200983417476453}
  m_LocalRotation: {x: -0, y: -0, z: -0, w: 1}
  m_LocalPosition: {x: -1.93, y: 0, z: 0}
  m_LocalScale: {x: 1, y: 1, z: 1}
  m_ConstrainProportionsScale: 0
  m_Children: []
  m_Father: {fileID: 1861276169643220256}
  m_RootOrder: 1
  m_LocalEulerAnglesHint: {x: 0, y: 0, z: 0}
--- !u!1001 &2241734831399150642
PrefabInstance:
  m_ObjectHideFlags: 0
  serializedVersion: 2
  m_Modification:
    m_TransformParent: {fileID: 1861276169643220256}
    m_Modifications:
    - target: {fileID: 4834358241160190323, guid: 3da3086f63cb15040b5fcc5aa3663059,
        type: 3}
      propertyPath: m_RootOrder
      value: 0
      objectReference: {fileID: 0}
    - target: {fileID: 4834358241160190323, guid: 3da3086f63cb15040b5fcc5aa3663059,
        type: 3}
      propertyPath: m_LocalScale.x
      value: 4.8814
      objectReference: {fileID: 0}
    - target: {fileID: 4834358241160190323, guid: 3da3086f63cb15040b5fcc5aa3663059,
        type: 3}
      propertyPath: m_LocalScale.y
      value: 4.8814
      objectReference: {fileID: 0}
    - target: {fileID: 4834358241160190323, guid: 3da3086f63cb15040b5fcc5aa3663059,
        type: 3}
      propertyPath: m_LocalScale.z
      value: 4.8814
      objectReference: {fileID: 0}
    - target: {fileID: 4834358241160190323, guid: 3da3086f63cb15040b5fcc5aa3663059,
        type: 3}
      propertyPath: m_LocalPosition.x
      value: 0.88
      objectReference: {fileID: 0}
    - target: {fileID: 4834358241160190323, guid: 3da3086f63cb15040b5fcc5aa3663059,
        type: 3}
      propertyPath: m_LocalPosition.y
      value: 0
      objectReference: {fileID: 0}
    - target: {fileID: 4834358241160190323, guid: 3da3086f63cb15040b5fcc5aa3663059,
        type: 3}
      propertyPath: m_LocalPosition.z
      value: 0
      objectReference: {fileID: 0}
    - target: {fileID: 4834358241160190323, guid: 3da3086f63cb15040b5fcc5aa3663059,
        type: 3}
      propertyPath: m_LocalRotation.w
      value: 1
      objectReference: {fileID: 0}
    - target: {fileID: 4834358241160190323, guid: 3da3086f63cb15040b5fcc5aa3663059,
        type: 3}
      propertyPath: m_LocalRotation.x
      value: -0
      objectReference: {fileID: 0}
    - target: {fileID: 4834358241160190323, guid: 3da3086f63cb15040b5fcc5aa3663059,
        type: 3}
      propertyPath: m_LocalRotation.y
      value: -0
      objectReference: {fileID: 0}
    - target: {fileID: 4834358241160190323, guid: 3da3086f63cb15040b5fcc5aa3663059,
        type: 3}
      propertyPath: m_LocalRotation.z
      value: -0
      objectReference: {fileID: 0}
    - target: {fileID: 4834358241160190323, guid: 3da3086f63cb15040b5fcc5aa3663059,
        type: 3}
      propertyPath: m_LocalEulerAnglesHint.x
      value: 0
      objectReference: {fileID: 0}
    - target: {fileID: 4834358241160190323, guid: 3da3086f63cb15040b5fcc5aa3663059,
        type: 3}
      propertyPath: m_LocalEulerAnglesHint.y
      value: 0
      objectReference: {fileID: 0}
    - target: {fileID: 4834358241160190323, guid: 3da3086f63cb15040b5fcc5aa3663059,
        type: 3}
      propertyPath: m_LocalEulerAnglesHint.z
      value: 0
      objectReference: {fileID: 0}
    - target: {fileID: 5214261926047351753, guid: 3da3086f63cb15040b5fcc5aa3663059,
        type: 3}
      propertyPath: m_Name
      value: Trombocyte
      objectReference: {fileID: 0}
    - target: {fileID: 5214261926047351753, guid: 3da3086f63cb15040b5fcc5aa3663059,
        type: 3}
      propertyPath: m_Layer
      value: 9
      objectReference: {fileID: 0}
    m_RemovedComponents: []
  m_SourcePrefab: {fileID: 100100000, guid: 3da3086f63cb15040b5fcc5aa3663059, type: 3}
--- !u!1 &6287300420931889147 stripped
GameObject:
  m_CorrespondingSourceObject: {fileID: 5214261926047351753, guid: 3da3086f63cb15040b5fcc5aa3663059,
    type: 3}
  m_PrefabInstance: {fileID: 2241734831399150642}
  m_PrefabAsset: {fileID: 0}
--- !u!135 &8642673976877671420
SphereCollider:
  m_ObjectHideFlags: 0
  m_CorrespondingSourceObject: {fileID: 0}
  m_PrefabInstance: {fileID: 0}
  m_PrefabAsset: {fileID: 0}
  m_GameObject: {fileID: 6287300420931889147}
  m_Material: {fileID: 0}
  m_IsTrigger: 0
  m_Enabled: 1
  serializedVersion: 2
  m_Radius: 0.56
  m_Center: {x: 0, y: 0, z: 0}
--- !u!4 &6632441911552474433 stripped
Transform:
  m_CorrespondingSourceObject: {fileID: 4834358241160190323, guid: 3da3086f63cb15040b5fcc5aa3663059,
    type: 3}
  m_PrefabInstance: {fileID: 2241734831399150642}
  m_PrefabAsset: {fileID: 0}
--- !u!1001 &8388581186816654939
PrefabInstance:
  m_ObjectHideFlags: 0
  serializedVersion: 2
  m_Modification:
    m_TransformParent: {fileID: 5459617787578155146}
    m_Modifications:
    - target: {fileID: 1917903829601541597, guid: 91031d2ca53eff04e85e90f0874cb0f0,
        type: 3}
      propertyPath: InitialModule.startSize.scalar
      value: 7
      objectReference: {fileID: 0}
    - target: {fileID: 1917903829601541597, guid: 91031d2ca53eff04e85e90f0874cb0f0,
        type: 3}
      propertyPath: InitialModule.startSize.minScalar
      value: 3
      objectReference: {fileID: 0}
    - target: {fileID: 1917903829601541597, guid: 91031d2ca53eff04e85e90f0874cb0f0,
        type: 3}
      propertyPath: InitialModule.startLifetime.scalar
      value: 1
      objectReference: {fileID: 0}
    - target: {fileID: 1917903829601541597, guid: 91031d2ca53eff04e85e90f0874cb0f0,
        type: 3}
      propertyPath: InitialModule.startLifetime.minScalar
      value: 0.6
      objectReference: {fileID: 0}
    - target: {fileID: 1917903829601541597, guid: 91031d2ca53eff04e85e90f0874cb0f0,
        type: 3}
      propertyPath: ColorModule.gradient.maxGradient.ctime1
      value: 14649
      objectReference: {fileID: 0}
    - target: {fileID: 1917903829601541597, guid: 91031d2ca53eff04e85e90f0874cb0f0,
        type: 3}
      propertyPath: ColorModule.gradient.maxGradient.ctime2
      value: 55319
      objectReference: {fileID: 0}
    - target: {fileID: 1917903829601541597, guid: 91031d2ca53eff04e85e90f0874cb0f0,
        type: 3}
      propertyPath: ColorModule.gradient.maxGradient.ctime3
      value: 65535
      objectReference: {fileID: 0}
    - target: {fileID: 1917903829601541597, guid: 91031d2ca53eff04e85e90f0874cb0f0,
        type: 3}
      propertyPath: ColorModule.gradient.maxGradient.ctime4
      value: 65535
      objectReference: {fileID: 0}
    - target: {fileID: 1917903829601541597, guid: 91031d2ca53eff04e85e90f0874cb0f0,
        type: 3}
      propertyPath: ColorModule.gradient.maxGradient.key0.b
      value: 0
      objectReference: {fileID: 0}
    - target: {fileID: 1917903829601541597, guid: 91031d2ca53eff04e85e90f0874cb0f0,
        type: 3}
      propertyPath: ColorModule.gradient.maxGradient.key0.g
      value: 0.30063087
      objectReference: {fileID: 0}
    - target: {fileID: 1917903829601541597, guid: 91031d2ca53eff04e85e90f0874cb0f0,
        type: 3}
      propertyPath: ColorModule.gradient.maxGradient.key0.r
      value: 0.8117647
      objectReference: {fileID: 0}
    - target: {fileID: 1917903829601541597, guid: 91031d2ca53eff04e85e90f0874cb0f0,
        type: 3}
      propertyPath: ColorModule.gradient.maxGradient.key1.b
      value: 0
      objectReference: {fileID: 0}
    - target: {fileID: 1917903829601541597, guid: 91031d2ca53eff04e85e90f0874cb0f0,
        type: 3}
      propertyPath: ColorModule.gradient.maxGradient.key1.g
      value: 0.53207546
      objectReference: {fileID: 0}
    - target: {fileID: 1917903829601541597, guid: 91031d2ca53eff04e85e90f0874cb0f0,
        type: 3}
      propertyPath: ColorModule.gradient.maxGradient.key1.r
      value: 0.8867924
      objectReference: {fileID: 0}
    - target: {fileID: 1917903829601541597, guid: 91031d2ca53eff04e85e90f0874cb0f0,
        type: 3}
      propertyPath: ColorModule.gradient.maxGradient.key2.b
      value: 0
      objectReference: {fileID: 0}
    - target: {fileID: 1917903829601541597, guid: 91031d2ca53eff04e85e90f0874cb0f0,
        type: 3}
      propertyPath: ColorModule.gradient.maxGradient.key2.g
      value: 0.7592709
      objectReference: {fileID: 0}
    - target: {fileID: 1917903829601541597, guid: 91031d2ca53eff04e85e90f0874cb0f0,
        type: 3}
      propertyPath: ColorModule.gradient.maxGradient.key2.r
      value: 1
      objectReference: {fileID: 0}
    - target: {fileID: 1917903829601541597, guid: 91031d2ca53eff04e85e90f0874cb0f0,
        type: 3}
      propertyPath: ColorModule.gradient.maxGradient.key3.b
      value: 0
      objectReference: {fileID: 0}
    - target: {fileID: 1917903829601541597, guid: 91031d2ca53eff04e85e90f0874cb0f0,
        type: 3}
      propertyPath: ColorModule.gradient.maxGradient.key3.g
      value: 1
      objectReference: {fileID: 0}
    - target: {fileID: 1917903829601541597, guid: 91031d2ca53eff04e85e90f0874cb0f0,
        type: 3}
      propertyPath: ColorModule.gradient.maxGradient.key3.r
      value: 0.9801799
      objectReference: {fileID: 0}
    - target: {fileID: 1917903829601541597, guid: 91031d2ca53eff04e85e90f0874cb0f0,
        type: 3}
      propertyPath: ColorModule.gradient.maxGradient.key4.b
      value: 0
      objectReference: {fileID: 0}
    - target: {fileID: 1917903829601541597, guid: 91031d2ca53eff04e85e90f0874cb0f0,
        type: 3}
      propertyPath: ColorModule.gradient.maxGradient.key4.g
      value: 1
      objectReference: {fileID: 0}
    - target: {fileID: 1917903829601541597, guid: 91031d2ca53eff04e85e90f0874cb0f0,
        type: 3}
      propertyPath: ColorModule.gradient.maxGradient.key4.r
      value: 0.9801799
      objectReference: {fileID: 0}
    - target: {fileID: 1917903829601541597, guid: 91031d2ca53eff04e85e90f0874cb0f0,
        type: 3}
      propertyPath: ColorModule.gradient.maxGradient.m_NumColorKeys
      value: 4
      objectReference: {fileID: 0}
    - target: {fileID: 3716335403523753532, guid: 91031d2ca53eff04e85e90f0874cb0f0,
        type: 3}
      propertyPath: m_Name
      value: Poof
      objectReference: {fileID: 0}
    - target: {fileID: 3716335403523753532, guid: 91031d2ca53eff04e85e90f0874cb0f0,
        type: 3}
      propertyPath: m_Layer
      value: 0
      objectReference: {fileID: 0}
    - target: {fileID: 7464745606622657666, guid: 91031d2ca53eff04e85e90f0874cb0f0,
        type: 3}
      propertyPath: m_RootOrder
      value: 1
      objectReference: {fileID: 0}
    - target: {fileID: 7464745606622657666, guid: 91031d2ca53eff04e85e90f0874cb0f0,
        type: 3}
      propertyPath: m_LocalPosition.x
      value: 1.16
      objectReference: {fileID: 0}
    - target: {fileID: 7464745606622657666, guid: 91031d2ca53eff04e85e90f0874cb0f0,
        type: 3}
      propertyPath: m_LocalPosition.y
      value: -3.8805106e-10
      objectReference: {fileID: 0}
    - target: {fileID: 7464745606622657666, guid: 91031d2ca53eff04e85e90f0874cb0f0,
        type: 3}
      propertyPath: m_LocalPosition.z
      value: -0.0032244124
      objectReference: {fileID: 0}
    - target: {fileID: 7464745606622657666, guid: 91031d2ca53eff04e85e90f0874cb0f0,
        type: 3}
      propertyPath: m_LocalRotation.w
      value: 0.7071068
      objectReference: {fileID: 0}
    - target: {fileID: 7464745606622657666, guid: 91031d2ca53eff04e85e90f0874cb0f0,
        type: 3}
      propertyPath: m_LocalRotation.x
      value: -0.7071068
      objectReference: {fileID: 0}
    - target: {fileID: 7464745606622657666, guid: 91031d2ca53eff04e85e90f0874cb0f0,
        type: 3}
      propertyPath: m_LocalRotation.y
      value: 0
      objectReference: {fileID: 0}
    - target: {fileID: 7464745606622657666, guid: 91031d2ca53eff04e85e90f0874cb0f0,
        type: 3}
      propertyPath: m_LocalRotation.z
      value: 0
      objectReference: {fileID: 0}
    - target: {fileID: 7464745606622657666, guid: 91031d2ca53eff04e85e90f0874cb0f0,
        type: 3}
      propertyPath: m_LocalEulerAnglesHint.x
      value: -90
      objectReference: {fileID: 0}
    - target: {fileID: 7464745606622657666, guid: 91031d2ca53eff04e85e90f0874cb0f0,
        type: 3}
      propertyPath: m_LocalEulerAnglesHint.y
      value: 0
      objectReference: {fileID: 0}
    - target: {fileID: 7464745606622657666, guid: 91031d2ca53eff04e85e90f0874cb0f0,
        type: 3}
      propertyPath: m_LocalEulerAnglesHint.z
      value: 0
      objectReference: {fileID: 0}
    m_RemovedComponents: []
  m_SourcePrefab: {fileID: 100100000, guid: 91031d2ca53eff04e85e90f0874cb0f0, type: 3}
--- !u!4 &1437247177223930585 stripped
Transform:
  m_CorrespondingSourceObject: {fileID: 7464745606622657666, guid: 91031d2ca53eff04e85e90f0874cb0f0,
    type: 3}
  m_PrefabInstance: {fileID: 8388581186816654939}
  m_PrefabAsset: {fileID: 0}
--- !u!198 &7996133966027023238 stripped
ParticleSystem:
  m_CorrespondingSourceObject: {fileID: 1917903829601541597, guid: 91031d2ca53eff04e85e90f0874cb0f0,
    type: 3}
  m_PrefabInstance: {fileID: 8388581186816654939}
  m_PrefabAsset: {fileID: 0}
